
@InProceedings{	  abadi2016tensorflow,
  title		= {Tensorflow: A system for large-scale machine learning},
  author	= {Abadi, Mart{\'\i}n and Barham, Paul and Chen, Jianmin and
		  Chen, Zhifeng and Davis, Andy and Dean, Jeffrey and Devin,
		  Matthieu and Ghemawat, Sanjay and Irving, Geoffrey and
		  Isard, Michael and others},
  booktitle	= {12th $\{$USENIX$\}$ Symposium on Operating Systems Design
		  and Implementation ($\{$OSDI$\}$ 16)},
  pages		= {265--283},
  year		= {2016}
}

@Article{	  ackley1985learning,
  title		= {A learning algorithm for Boltzmann machines},
  author	= {Ackley, David H and Hinton, Geoffrey E and Sejnowski,
		  Terrence J},
  journal	= {Cognitive science},
  volume	= {9},
  number	= {1},
  pages		= {147--169},
  year		= {1985},
  publisher	= {Elsevier}
}

@Article{	  aguiar2014pagerank,
  title		= {PageRank for earthquakes},
  author	= {Aguiar, Ana C and Beroza, Gregory C},
  journal	= {Seismological Research Letters},
  volume	= {85},
  number	= {2},
  pages		= {344--350},
  year		= {2014},
  publisher	= {Seismological Society of America}
}

@Article{	  akaike1974markovian,
  author	= {Akaike, Hirotugu},
  title		= {Markovian representation of stochastic processes and its
		  application to the analysis of autoregressive moving
		  average processes},
  journal	= {Annals of the Institute of Statistical Mathematics},
  year		= {1974},
  month		= {Dec},
  volume	= {26},
  number	= {1},
  pages		= {363--387},
  issn		= {1572-9052},
  doi		= {10.1007/BF02479833},
  url		= {https://doi.org/10.1007/BF02479833}
}

@Article{	  akram2016review,
  author	= {Jubran Akram and David W. Eaton},
  title		= {A review and appraisal of arrival-time picking methods for
		  downhole microseismic data},
  journal	= {GEOPHYSICS},
  year		= {2016},
  volume	= {81},
  number	= {2},
  pages		= {KS71-KS91},
  doi		= {10.1190/geo2014-0500.1},
  eprint	= {https://doi.org/10.1190/geo2014-0500.1},
  url		= {https://doi.org/10.1190/geo2014-0500.1}
}

@Article{	  allen1978automatic,
  title		= {Automatic earthquake recognition and timing from single
		  traces},
  author	= {Allen, Rex V},
  journal	= {Bulletin of the Seismological Society of America},
  volume	= {68},
  number	= {5},
  pages		= {1521--1532},
  year		= {1978},
  publisher	= {The Seismological Society of America}
}

@Article{	  allen1982automatic,
  author	= {Allen, Rex},
  title		= "{Automatic phase pickers: Their present use and future
		  prospects}",
  journal	= {Bulletin of the Seismological Society of America},
  volume	= {72},
  number	= {6B},
  pages		= {S225-S242},
  year		= {1982},
  month		= {12},
  issn		= {0037-1106},
  doi		= {},
  url		= {https://doi.org/},
  eprint	= {https://pubs.geoscienceworld.org/bssa/article-pdf/72/6B/S225/2704380/BSSA07206B0225.pdf}
}

@Article{	  almendros1999array,
  author	= {Almendros, Javier and Ibáñez, Jesús M. and Alguacil,
		  Gerardo and Del Pezzo, Edoardo},
  title		= {Array analysis using circular-wave-front geometry:an
		  application to locate the nearby seismo-volcanic source},
  journal	= {Geophysical Journal International},
  volume	= {136},
  number	= {1},
  pages		= {159-170},
  year		= {1999},
  doi		= {10.1046/j.1365-246X.1999.00699.x},
  url		= {http://dx.doi.org/10.1046/j.1365-246X.1999.00699.x},
  eprint	= {/oup/backfile/content_public/journal/gji/136/1/10.1046/j.1365-246x.1999.00699.x/2/136-1-159.pdf}
}

@Article{	  anderson1989learning,
  title		= {Learning to control an inverted pendulum using neural
		  networks},
  author	= {Anderson, Charles W},
  journal	= {IEEE Control Systems Magazine},
  volume	= {9},
  number	= {3},
  pages		= {31--37},
  year		= {1989},
  publisher	= {IEEE}
}

@InProceedings{	  andes1990mriii,
  title		= {MRIII: A robust algorithm for training analog neural
		  networks},
  author	= {Andes, DK},
  booktitle	= {Proceedings of the International Joint Conference on
		  Neural Networks},
  year		= {1990}
}

@Article{	  anthony2018low,
  title		= {Do low-cost seismographs perform well enough for your
		  network? An overview of laboratory tests and field
		  observations of the OSOP Raspberry Shake 4D},
  author	= {Anthony, Robert E and Ringler, Adam T and Wilson, David C
		  and Wolin, Emily},
  journal	= {Seismological Research Letters},
  volume	= {90},
  number	= {1},
  pages		= {219--228},
  year		= {2018},
  publisher	= {Seismological Society of America}
}

@Article{	  anwar2017structured,
  title		= {Structured pruning of deep convolutional neural networks},
  author	= {Anwar, Sajid and Hwang, Kyuyeon and Sung, Wonyong},
  journal	= {ACM Journal on Emerging Technologies in Computing Systems
		  (JETC)},
  volume	= {13},
  number	= {3},
  pages		= {32},
  year		= {2017},
  publisher	= {ACM}
}

@InProceedings{	  apolloni2009support,
  title		= {Support vector machines and MLP for automatic
		  classification of seismic signals at Stromboli volcano},
  author	= {Apolloni, B and others},
  booktitle	= {Neural Nets WIRN09: Proceedings of the 19th Italian
		  Workshop on Neural Nets, Vietri Sul Mare, Salerno, Italy
		  May 28-30 2009},
  volume	= {204},
  pages		= {116},
  year		= {2009},
  organization	= {IOS Press}
}

@Article{	  baer1987automatic,
  title		= {An automatic phase picker for local and teleseismic
		  events},
  author	= {Baer, M and Kradolfer, U},
  journal	= {Bulletin of the Seismological Society of America},
  volume	= {77},
  number	= {4},
  pages		= {1437--1445},
  year		= {1987},
  publisher	= {The Seismological Society of America}
}

@Article{	  baldi1989neural,
  title		= {Neural networks and principal component analysis: Learning
		  from examples without local minima},
  author	= {Baldi, Pierre and Hornik, Kurt},
  journal	= {Neural networks},
  volume	= {2},
  number	= {1},
  pages		= {53--58},
  year		= {1989},
  publisher	= {Elsevier}
}

@InProceedings{	  baluja2006content,
  author	= {S. Baluja and M. Covell},
  booktitle	= {The 3rd European Conference on Visual Media Production
		  (CVMP 2006) - Part of the 2nd Multimedia Conference 2006},
  title		= {Content Fingerprinting Using Wavelets},
  year		= {2006},
  volume	= {},
  number	= {},
  pages		= {198-207},
  keywords	= {audio databases;audio signal processing;computer
		  vision;fingerprint identification;image matching;image
		  retrieval;very large databases;wavelet transforms;content
		  fingerprinting;audio identification;computer
		  vision;large-scale data stream processing;wavelet
		  transform;image matching;image retrieval},
  doi		= {10.1049/cp:20061964},
  issn		= {0537-9989},
  month		= {Nov}
}

@Article{	  barrett2014empirical,
  title		= {An empirical approach to subspace detection},
  author	= {Barrett, Sarah A and Beroza, Gregory C},
  journal	= {Seismological Research Letters},
  volume	= {85},
  number	= {3},
  pages		= {594--600},
  year		= {2014},
  publisher	= {Seismological Society of America}
}

@Article{	  bastien2012theano,
  title		= {Theano: new features and speed improvements},
  author	= {Bastien, Fr{\'e}d{\'e}ric and Lamblin, Pascal and Pascanu,
		  Razvan and Bergstra, James and Goodfellow, Ian and
		  Bergeron, Arnaud and Bouchard, Nicolas and Warde-Farley,
		  David and Bengio, Yoshua},
  journal	= {arXiv preprint arXiv:1211.5590},
  year		= {2012}
}

@Article{	  bell2007lessons,
  author	= {Bell, Robert M. and Koren, Yehuda},
  title		= {Lessons from the Netflix Prize Challenge},
  journal	= {SIGKDD Explor. Newsl.},
  volume	= {9},
  number	= {2},
  month		= {dec},
  year		= {2007},
  issn		= {1931-0145},
  pages		= {75--79},
  url		= {http://doi.acm.org/10.1145/1345448.1345465},
  doi		= {10.1145/1345448.1345465},
  publisher	= {ACM},
  address	= {New York, NY, USA}
}

@InProceedings{	  bengio2007greedy,
  title		= {Greedy layer-wise training of deep networks},
  author	= {Bengio, Yoshua and Lamblin, Pascal and Popovici, Dan and
		  Larochelle, Hugo},
  booktitle	= {Advances in neural information processing systems},
  pages		= {153--160},
  year		= {2007}
}

@Article{	  bengio2007scaling,
  title		= {Scaling learning algorithms towards AI},
  author	= {Bengio, Yoshua and LeCun, Yann and others},
  journal	= {Large-scale kernel machines},
  volume	= {34},
  number	= {5},
  pages		= {1--41},
  year		= {2007}
}

@InProceedings{	  bergstra2010theano,
  title		= {Theano: a CPU and GPU math expression compiler},
  author	= {Bergstra, James and Breuleux, Olivier and Bastien,
		  Fr{\'e}d{\'e}ric and Lamblin, Pascal and Pascanu, Razvan
		  and Desjardins, Guillaume and Turian, Joseph and
		  Warde-Farley, David and Bengio, Yoshua},
  booktitle	= {Proceedings of the Python for scientific computing
		  conference (SciPy)},
  volume	= {4},
  number	= {3},
  year		= {2010},
  organization	= {Austin, TX}
}

@Article{	  beyreuther2010obspy,
  title		= {{ObsPy:} A Python toolbox for seismology},
  author	= {Beyreuther, Moritz and Barsch, Robert and Krischer, Lion
		  and Megies, Tobias and Behr, Yannik and Wassermann,
		  Joachim},
  journal	= {Seismological Research Letters},
  volume	= {81},
  number	= {3},
  pages		= {530--533},
  year		= {2010},
  publisher	= {Seismological Society of America}
}

@Article{	  bird2003updated,
  title		= {An updated digital model of plate boundaries},
  author	= {Bird, Peter},
  journal	= {Geochemistry, Geophysics, Geosystems},
  volume	= {4},
  number	= {3},
  year		= {2003},
  publisher	= {Wiley Online Library}
}

@Article{	  bourlard1988auto,
  title		= {Auto-association by multilayer perceptrons and singular
		  value decomposition},
  author	= {Bourlard, Herv{\'e} and Kamp, Yves},
  journal	= {Biological cybernetics},
  volume	= {59},
  number	= {4-5},
  pages		= {291--294},
  year		= {1988},
  publisher	= {Springer}
}

@Article{	  brown2008autocorrelation,
  title		= {An autocorrelation method to detect low frequency
		  earthquakes within tremor},
  author	= {Brown, Justin R and Beroza, Gregory C and Shelly, David
		  R},
  journal	= {Geophysical Research Letters},
  volume	= {35},
  number	= {16},
  year		= {2008},
  doi		= {10.1029/2008GL034560},
  publisher	= {Wiley Online Library}
}

@Article{	  calais2019can,
  title		= {Can a Raspberry Shake Seismic Network Complement a
		  National Seismic Network? A Case Study in Haiti},
  author	= {Calais, Eric and Boisson, Dominique and Symithe, Steeve
		  and Momplaisir, Roberte and Pr{\'e}petit, Claude and
		  Ulysse, Sophia and Etienne, Guy Philippe and Courboulex,
		  Fran{\c{c}}oise and Deschamps, Anne and Monfret, Tony and
		  others},
  year		= {2019},
  publisher	= {EarthArXiv}
}

@Article{	  carpenter1988art,
  title		= {The ART of adaptive pattern recognition by a
		  self-organizing neural network},
  author	= {Carpenter, Gail A. and Grossberg, Stephen and others},
  journal	= {IEEE computer},
  volume	= {21},
  number	= {3},
  pages		= {77--88},
  year		= {1988}
}

@InProceedings{	  chen2016net2net,
  author	= {Tianqi Chen and Ian Goodfellow and Jonathon Shlens},
  title		= {{Net2Net:} Accelerating Learning via Knowledge Transfer},
  booktitle	= {International Conference on Learning Representations},
  year		= {2016},
  owner		= {lijun},
  timestamp	= {2017-12-29},
  url		= {http://arxiv.org/abs/1511.05641}
}

@Article{	  chen2018temporal,
  author	= {Chen, Xiaowei and Haffener, Jackson and Goebel, Thomas H.
		  W. and Meng, Xiaofeng and Peng, Zhigang and Chang,
		  Jefferson C.},
  title		= {Temporal Correlation Between Seismic Moment and Injection
		  Volume for an Induced Earthquake Sequence in Central
		  Oklahoma},
  journal	= {Journal of Geophysical Research: Solid Earth},
  volume	= {123},
  number	= {4},
  pages		= {3047-3064},
  keywords	= {Wastewater injection, induced seismicity, b value, seismic
		  moment, fluid diffusion},
  doi		= {10.1002/2017JB014694},
  url		= {https://agupubs.onlinelibrary.wiley.com/doi/abs/10.1002/2017JB014694},
  eprint	= {https://agupubs.onlinelibrary.wiley.com/doi/pdf/10.1002/2017JB014694},
  year		= {2018}
}

@Article{	  chetlur2014cudnn,
  title		= {{cudnn}: Efficient primitives for deep learning},
  author	= {Chetlur, Sharan and Woolley, Cliff and Vandermersch,
		  Philippe and Cohen, Jonathan and Tran, John and Catanzaro,
		  Bryan and Shelhamer, Evan},
  journal	= {arXiv preprint arXiv: 1410.0759},
  year		= {2014}
}

@InProceedings{	  christensen2017raspberry,
  title		= {Raspberry Shake-A World-Wide Citizen Seismograph Network},
  author	= {Christensen, BC and Blanco Chia, JF},
  booktitle	= {AGU Fall Meeting Abstracts},
  year		= {2017}
}

@Article{	  cichowicz1993automatic,
  author	= {Cichowicz, Artur},
  title		= {An automatic {S-phase} picker},
  journal	= {Bulletin of the Seismological Society of America},
  year		= {1993},
  volume	= {83},
  number	= {1},
  pages		= {180--189},
  publisher	= {Seismological Society of America}
}

@Article{	  clayton2015community,
  title		= {Community seismic network: A dense array to sense
		  earthquake strong motion},
  author	= {Clayton, Robert W and Heaton, Thomas and Kohler, Monica
		  and Chandy, Mani and Guy, Richard and Bunn, Julian},
  journal	= {Seismological Research Letters},
  volume	= {86},
  number	= {5},
  pages		= {1354--1363},
  year		= {2015},
  publisher	= {Seismological Society of America}
}

@Article{	  cochran2018catch,
  title		= {To catch a quake},
  author	= {Cochran, Elizabeth S},
  journal	= {Nature communications},
  volume	= {9},
  number	= {1},
  pages		= {2508},
  year		= {2018},
  publisher	= {Nature Publishing Group}
}

@TechReport{	  collobert2011torch7,
  title		= {Torch7: A matlab-like environment for machine learning},
  author	= {Collobert, Ronan and Kavukcuoglu, Koray and Farabet,
		  Cl{\'e}ment},
  year		= {2011}
}

@Article{	  courbariaux2014training,
  title		= {Training deep neural networks with low precision
		  multiplications},
  author	= {Courbariaux, Matthieu and Bengio, Yoshua and David,
		  Jean-Pierre},
  journal	= {arXiv preprint arXiv:1412.7024},
  year		= {2014}
}

@Article{	  Dai1995,
  author	= {Dai, Hengchang and MacBeth, Colin},
  title		= {Automatic picking of seismic arrivals in local earthquake
		  data using an artificial neural network},
  journal	= {Geophysical Journal International},
  year		= {1995},
  volume	= {120},
  number	= {3},
  pages		= {758-774}
}

@Article{	  dayan1995helmholtz,
  title		= {The helmholtz machine},
  author	= {Dayan, Peter and Hinton, Geoffrey E and Neal, Radford M
		  and Zemel, Richard S},
  journal	= {Neural computation},
  volume	= {7},
  number	= {5},
  pages		= {889--904},
  year		= {1995},
  publisher	= {MIT Press}
}

@Article{	  delorey2017tidal,
  title		= "Tidal triggering of earthquakes suggests poroelastic
		  behavior on the {San Andreas} fault",
  journal	= "Earth and Planetary Science Letters",
  volume	= "460",
  pages		= "164 - 170",
  year		= "2017",
  issn		= "0012-821X",
  doi		= "https://doi.org/10.1016/j.epsl.2016.12.014",
  url		= "http://www.sciencedirect.com/science/article/pii/S0012821X16307270",
  author	= "Andrew A. Delorey and Nicholas J. van der Elst and Paul A.
		  Johnson",
  keywords	= "seismology, earthquake triggering, California, Earth
		  tides, pore pressure"
}

@InProceedings{	  deng2009imagenet,
  author	= {J. Deng and W. Dong and R. Socher and L. J. Li and Kai Li
		  and Li Fei-Fei},
  title		= {{ImageNet:} A large-scale hierarchical image database},
  booktitle	= {2009 IEEE Conference on Computer Vision and Pattern
		  Recognition},
  year		= {2009},
  pages		= {248-255},
  month		= {June},
  doi		= {10.1109/CVPR.2009.5206848},
  issn		= {1063-6919}
}

@Conference{	  Denolle2017AGU,
  author	= {Marine Denolle and Thibaut Perol and Michaël Gharbi},
  title		= {{ConvNetQuake:} Convolutional Neural Network for
		  Earthquake Detection and Location},
  booktitle	= {Abstract presented at 2017 Fall Meeting, AGU},
  year		= {2017},
  number	= {S41D-02},
  address	= {New Orleans, LA},
  month		= dec,
  url		= {https://agu.confex.com/agu/fm17/meetingapp.cgi/Paper/210842}
}

@InCollection{	  desjardins2015natural,
  author	= {Desjardins, Guillaume and Simonyan, Karen and Pascanu,
		  Razvan and Kavukcuoglu, Koray},
  title		= {Natural Neural Networks},
  booktitle	= {Advances in Neural Information Processing Systems 28},
  publisher	= {Curran Associates, Inc.},
  year		= {2015},
  editor	= {C. Cortes and N. D. Lawrence and D. D. Lee and M. Sugiyama
		  and R. Garnett},
  pages		= {2071--2079},
  url		= {http://papers.nips.cc/paper/5953-natural-neural-networks.pdf}
}

@Article{	  dokht2019seismic,
  title		= {Seismic Event and Phase Detection Using Time--Frequency
		  Representation and Convolutional Neural Networks},
  author	= {Dokht, Ramin MH and Kao, Honn and Visser, Ryan and Smith,
		  Brindley},
  journal	= {Seismological Research Letters},
  volume	= {90},
  number	= {2A},
  pages		= {481--490},
  year		= {2019},
  publisher	= {Seismological Society of America}
}

@InProceedings{	  dougherty2017large,
  title		= {Large-N Array Observations of Injection-Induced Seismicity
		  in Northern Oklahoma: the LASSO Experiment},
  author	= {Dougherty, Sara L and Cochran, ES and Harrington, RM},
  booktitle	= {AGU Fall Meeting Abstracts},
  year		= {2017}
}

@Article{	  duchi2011adaptive,
  author	= {Duchi, John and Hazan, Elad and Singer, Yoram},
  title		= {Adaptive subgradient methods for online learning and
		  stochastic optimization},
  journal	= {Journal of Machine Learning Research},
  year		= {2011},
  volume	= {12},
  number	= {Jul},
  pages		= {2121--2159}
}

@Article{	  Earle1997,
  title		= {Characterization of Global Seismograms Using an
		  Automatic-Picking Algorithm},
  journal	= {Bulletin of the Seismological Society of America},
  volume	= {84},
  number	= {2},
  year		= {1994},
  month		= {Apr},
  pages		= {366-376},
  keywords	= {670-km discontinuity, beneath, converted, evolution,
		  lithosphere, long-period, phases, polarization anisotropy,
		  transition, upper-mantle, waves},
  isbn		= {0037-1106},
  url		= {<Go to ISI>://WOS:A1994NH74600012},
  author	= {Earle, P. S. and Shearer, P. M.}
}

@Misc{		  etienne2016simultaneous,
  title		= {Simultaneous shooting nodal acquisition seismic survey
		  methods},
  author	= {Etienne, Marc and Ray, Cliff and Thompson, James Nelson},
  year		= {2016},
  month		= jun # "~7",
  publisher	= {Google Patents},
  note		= {US Patent 9,360,575}
}

@Article{	  fang2017seismolympics,
  title		= {{SeismOlympics}},
  author	= {Fang, Lihua and Wu, Zhongliang and Song, Kuan},
  journal	= {Seismological Research Letters},
  volume	= {88},
  number	= {6},
  pages		= {1429--1430},
  year		= {2017},
  publisher	= {GeoScienceWorld},
  doi		= {10.1785/0220170134},
  url		= { + http://dx.doi.org/10.1785/0220170134}
}

@Article{	  feng2010coseismic,
  author	= {Feng, GuangCai and Hetland, Eric A. and Ding, XiaoLi and
		  Li, ZhiWei and Zhang, Lei},
  title		= {Coseismic fault slip of the {2008 Mw 7.9 Wenchuan}
		  earthquake estimated from {InSAR} and {GPS} measurements},
  journal	= {Geophysical Research Letters},
  volume	= {37},
  number	= {1},
  pages		= {},
  year		= {2010},
  issn		= {1944-8007},
  url		= {http://dx.doi.org/10.1029/2009GL041213},
  doi		= {10.1029/2009GL041213},
  keywords	= {Satellite geodesy: results, Space geodetic surveys,
		  Earthquake source observations, Dynamics and mechanics of
		  faulting, coseismic slip, InSAR, earthquake},
  note		= {L01302},
  eprint	= {https://agupubs.onlinelibrary.wiley.com/doi/pdf/10.1029/2009GL041213}
}

@Article{	  fukushima1980neocognitron,
  title		= {Neocognitron: A self-organizing neural network model for a
		  mechanism of pattern recognition unaffected by shift in
		  position},
  author	= {Fukushima, Kunihiko},
  journal	= {Biological cybernetics},
  volume	= {36},
  number	= {4},
  pages		= {193--202},
  year		= {1980},
  publisher	= {Springer}
}

@InBook{	  gevers1993finite,
  author	= {Gevers, Michel and Li, Gang},
  title		= {Finite Word Length errors and computations},
  booktitle	= {Parametrizations in Control, Estimation and Filtering
		  Problems: Accuracy Aspects},
  year		= {1993},
  publisher	= {Springer London},
  address	= {London},
  pages		= {23--44},
  isbn		= {978-1-4471-2039-1},
  doi		= {10.1007/978-1-4471-2039-1_2},
  url		= {https://doi.org/10.1007/978-1-4471-2039-1_2}
}

@Article{	  gibbons2006detection,
  author	= {Gibbons, Steven J. and Ringdal, Frode},
  title		= {The detection of low magnitude seismic events using
		  array-based waveform correlation},
  journal	= {Geophysical Journal International},
  year		= {2006},
  volume	= {165},
  number	= {1},
  pages		= {149-166},
  doi		= {10.1111/j.1365-246X.2006.02865.x},
  url		= { + http://dx.doi.org/10.1111/j.1365-246X.2006.02865.x}
}

@InProceedings{	  glorot2010understanding,
  title		= {Understanding the difficulty of training deep feedforward
		  neural networks},
  author	= {Glorot, Xavier and Bengio, Yoshua},
  booktitle	= {Proceedings of the thirteenth international conference on
		  artificial intelligence and statistics},
  pages		= {249--256},
  year		= {2010}
}

@InProceedings{	  glorot2011deep,
  title		= {Deep sparse rectifier neural networks},
  author	= {Glorot, Xavier and Bordes, Antoine and Bengio, Yoshua},
  booktitle	= {Proceedings of the fourteenth international conference on
		  artificial intelligence and statistics},
  pages		= {315--323},
  year		= {2011}
}

@Book{		  goodfellow2016deep,
  title		= {Deep Learning},
  publisher	= {MIT Press},
  year		= {2016},
  author	= {Ian Goodfellow and Yoshua Bengio and Aaron Courville},
  note		= {\url{http://www.deeplearningbook.org}}
}

@Article{	  gysel2016hardware,
  title		= {Hardware-oriented approximation of convolutional neural
		  networks},
  author	= {Gysel, Philipp and Motamedi, Mohammad and Ghiasi, Soheil},
  journal	= {arXiv preprint arXiv:1604.03168},
  year		= {2016}
}

@Article{	  gysel2016ristretto,
  title		= {Ristretto: Hardware-oriented approximation of
		  convolutional neural networks},
  author	= {Gysel, Philipp},
  journal	= {arXiv preprint arXiv:1605.06402},
  year		= {2016}
}

@Article{	  han2018new,
  title		= "A new image classification method using {CNN} transfer
		  learning and web data augmentation",
  journal	= "Expert Systems with Applications",
  volume	= "95",
  number	= "Supplement C",
  pages		= "43 - 56",
  year		= "2018",
  issn		= "0957-4174",
  doi		= "https://doi.org/10.1016/j.eswa.2017.11.028",
  url		= "http://www.sciencedirect.com/science/article/pii/S0957417417307844",
  author	= "Dongmei Han and Qigang Liu and Weiguo Fan",
  keywords	= "Feature transferring, Data augmentation, Convolutional
		  neural network, Feature representation, Parameter
		  fine-tuning, Bayesian optimization"
}

@Article{	  hansen2015automated,
  title		= {Automated detection and location of microseismicity at
		  Mount St. Helens with a large-N geophone array},
  author	= {Hansen, Steven M and Schmandt, Brandon},
  journal	= {Geophysical Research Letters},
  volume	= {42},
  number	= {18},
  pages		= {7390--7397},
  year		= {2015},
  publisher	= {Wiley Online Library}
}

@TechReport{	  Harris2006,
  author	= {Harris, David B},
  title		= {Subspace detectors: theory},
  institution	= {Lawrence Livermore National Laboratory (LLNL), Livermore,
		  CA},
  year		= {2006}
}

@Article{	  harris2013automous,
  author	= {Harris, D. B. and Dodge, D. A.},
  title		= {An Autonomous System for Grouping Events in a Developing
		  Aftershock Sequence},
  journal	= {Bulletin of the Seismological Society of America},
  year		= {2011},
  volume	= {101},
  number	= {2},
  pages		= {763-774},
  doi		= {10.1785/0120100103},
  url		= { + http://dx.doi.org/10.1785/0120100103}
}

@Article{	  hartzell2013rupture,
  author	= {Hartzell, Stephen and Mendoza, Carlos and
		  Ramirez‐Guzman, Leonardo and Zeng, Yuehua and Mooney,
		  Walter},
  title		= {Rupture History of the {2008 Mw 7.9 Wenchuan, China,}
		  Earthquake: Evaluation of Separate and Joint Inversions of
		  Geodetic, Teleseismic, and Strong‐Motion Data},
  journal	= {Bulletin of the Seismological Society of America},
  volume	= {103},
  number	= {1},
  pages		= {353-370},
  year		= {2013},
  doi		= {10.1785/0120120108},
  url		= { + http://dx.doi.org/10.1785/0120120108}
}

@Article{	  he2015spatial,
  title		= {Spatial pyramid pooling in deep convolutional networks for
		  visual recognition},
  author	= {He, Kaiming and Zhang, Xiangyu and Ren, Shaoqing and Sun,
		  Jian},
  journal	= {IEEE transactions on pattern analysis and machine
		  intelligence},
  volume	= {37},
  number	= {9},
  pages		= {1904--1916},
  year		= {2015},
  publisher	= {IEEE}
}

@InProceedings{	  he2016deep,
  title		= {Deep residual learning for image recognition},
  author	= {He, Kaiming and Zhang, Xiangyu and Ren, Shaoqing and Sun,
		  Jian},
  booktitle	= {Proceedings of the {IEEE} conference on computer vision
		  and pattern recognition},
  year		= {2016},
  month		= {June},
  url		= {https://www.cv-foundation.org/openaccess/content_cvpr_2016/html/He_Deep_Residual_Learning_CVPR_2016_paper.html}
}

@Book{		  hebb1949organization,
  title		= {The organization of behavior: A neuropsychological
		  theory},
  author	= {Hebb, Donald Olding},
  year		= {1949},
  publisher	= {Wiley},
  address	= {Oxford, England}
}

@Book{		  helman2005finest,
  title		= {The Finest Peaks-Prominence and Other Mountain Measures},
  author	= {Helman, Adam},
  year		= {2005},
  publisher	= {Trafford Publishing}
}

@InProceedings{	  hinton1986learning,
  author	= {Hinton, Geoffrey E},
  title		= {Learning distributed representations of concepts},
  booktitle	= {Proceedings of the eighth annual conference of the
		  cognitive science society},
  year		= {1986},
  volume	= {1},
  pages		= {12},
  organization	= {Amherst, MA}
}

@InProceedings{	  hinton1994autoencoders,
  title		= {Autoencoders, minimum description length and Helmholtz
		  free energy},
  author	= {Hinton, Geoffrey E and Zemel, Richard S},
  booktitle	= {Advances in neural information processing systems},
  pages		= {3--10},
  year		= {1994}
}

@Article{	  hinton1995wake,
  title		= {The "wake-sleep" algorithm for unsupervised neural
		  networks},
  author	= {Hinton, Geoffrey E and Dayan, Peter and Frey, Brendan J
		  and Neal, Radford M},
  journal	= {Science},
  volume	= {268},
  number	= {5214},
  pages		= {1158--1161},
  year		= {1995},
  publisher	= {American Association for the Advancement of Science}
}

@Article{	  hinton2002training,
  title		= {Training products of experts by minimizing contrastive
		  divergence},
  author	= {Hinton, Geoffrey E},
  journal	= {Neural computation},
  volume	= {14},
  number	= {8},
  pages		= {1771--1800},
  year		= {2002},
  publisher	= {MIT Press}
}

@Article{	  hinton2006fast,
  title		= {A fast learning algorithm for deep belief nets},
  author	= {Hinton, Geoffrey E and Osindero, Simon and Teh, Yee-Whye},
  journal	= {Neural computation},
  volume	= {18},
  number	= {7},
  pages		= {1527--1554},
  year		= {2006},
  publisher	= {MIT Press}
}

@Article{	  hinton2006reducing,
  title		= {Reducing the Dimensionality of Data with Neural Networks},
  author	= {Hinton, Geoffrey E and Salakhutdinov, Ruslan R},
  journal	= {Science},
  year		= {2006},
  volume	= {313},
  number	= {5786},
  pages		= {504--507},
  issn		= {0036-8075},
  doi		= {10.1126/science.1127647},
  publisher	= {American Association for the Advancement of Science},
  url		= {http://science.sciencemag.org/content/313/5786/504}
}

@Article{	  hinton2012deep,
  title		= {Deep neural networks for acoustic modeling in speech
		  recognition},
  author	= {Hinton, Geoffrey and Deng, Li and Yu, Dong and Dahl,
		  George and Mohamed, Abdel-rahman and Jaitly, Navdeep and
		  Senior, Andrew and Vanhoucke, Vincent and Nguyen, Patrick
		  and Kingsbury, Brian and others},
  journal	= {IEEE Signal processing magazine},
  year		= {2012},
  volume	= {29},
  number	= {6},
  pages		= {82-97},
  month		= {nov},
  issn		= {1053-5888},
  doi		= {10.1109/MSP.2012.2205597}
}

@Article{	  hinton2012improving,
  title		= {Improving neural networks by preventing co-adaptation of
		  feature detectors},
  author	= {Hinton, Geoffrey E and Srivastava, Nitish and Krizhevsky,
		  Alex and Sutskever, Ilya and Salakhutdinov, Ruslan R},
  journal	= {arXiv preprint arXiv:1207.0580},
  year		= {2012}
}

@Misc{		  hinton2013recent,
  title		= {Recent Developments in Deep Learning},
  date		= {2013},
  organization	= {Youtube},
  author	= {Hinton, Geoff},
  url		= {https://www.youtube.com/watch?v=vShMxxqtDDs}
}

@Article{	  hochreiter1997long,
  title		= {Long short-term memory},
  author	= {Hochreiter, Sepp and Schmidhuber, J{\"u}rgen},
  journal	= {Neural computation},
  volume	= {9},
  number	= {8},
  pages		= {1735--1780},
  year		= {1997},
  publisher	= {MIT Press}
}

@Article{	  hornik1989multilayer,
  title		= {Multilayer feedforward networks are universal
		  approximators},
  author	= {Hornik, Kurt and Stinchcombe, Maxwell and White, Halbert},
  journal	= {Neural networks},
  volume	= {2},
  number	= {5},
  pages		= {359--366},
  year		= {1989},
  publisher	= {Elsevier}
}

@Article{	  howard2017mobilenets,
  title		= {Mobilenets: Efficient convolutional neural networks for
		  mobile vision applications},
  author	= {Howard, Andrew G and Zhu, Menglong and Chen, Bo and
		  Kalenichenko, Dmitry and Wang, Weijun and Weyand, Tobias
		  and Andreetto, Marco and Adam, Hartwig},
  journal	= {arXiv preprint arXiv:1704.04861},
  year		= {2017}
}

@InProceedings{	  hu2018squeeze,
  title		= {Squeeze-and-excitation networks},
  author	= {Hu, Jie and Shen, Li and Sun, Gang},
  booktitle	= {Proceedings of the IEEE conference on computer vision and
		  pattern recognition},
  pages		= {7132--7141},
  year		= {2018}
}

@Article{	  inbal2015imaging,
  title		= {Imaging widespread seismicity at midlower crustal depths
		  beneath Long Beach, CA, with a dense seismic array:
		  Evidence for a depth-dependent earthquake size
		  distribution},
  author	= {Inbal, Asaf and Clayton, Robert W and Ampuero, Jean-Paul},
  journal	= {Geophysical Research Letters},
  volume	= {42},
  number	= {15},
  pages		= {6314--6323},
  year		= {2015},
  publisher	= {Wiley Online Library}
}

@InProceedings{	  ioffe2015batch,
  author	= {Sergey Ioffe and Christian Szegedy},
  title		= {Batch Normalization: Accelerating Deep Network Training by
		  Reducing Internal Covariate Shift},
  booktitle	= {Proceedings of the 32nd International Conference on
		  Machine Learning},
  year		= {2015},
  editor	= {Francis Bach and David Blei},
  volume	= {37},
  series	= {Proceedings of Machine Learning Research},
  pages		= {448--456},
  address	= {Lille, France},
  month		= {07--09 Jul},
  publisher	= {PMLR},
  file		= {ioffe15.pdf:http\://proceedings.mlr.press/v37/ioffe15.pdf:PDF},
  url		= {http://proceedings.mlr.press/v37/ioffe15.html}
}

@InProceedings{	  jacob2018quantization,
  title		= {Quantization and training of neural networks for efficient
		  integer-arithmetic-only inference},
  author	= {Jacob, Benoit and Kligys, Skirmantas and Chen, Bo and Zhu,
		  Menglong and Tang, Matthew and Howard, Andrew and Adam,
		  Hartwig and Kalenichenko, Dmitry},
  booktitle	= {Proceedings of the IEEE Conference on Computer Vision and
		  Pattern Recognition},
  pages		= {2704--2713},
  year		= {2018}
}

@InProceedings{	  jarrett2009best,
  title		= {What is the best multi-stage architecture for object
		  recognition?},
  author	= {Jarrett, Kevin and Kavukcuoglu, Koray and LeCun, Yann and
		  others},
  booktitle	= {2009 IEEE 12th international conference on computer
		  vision},
  pages		= {2146--2153},
  year		= {2009},
  organization	= {IEEE}
}

@InProceedings{	  jia2014caffe,
  title		= {Caffe: Convolutional architecture for fast feature
		  embedding},
  author	= {Jia, Yangqing and Shelhamer, Evan and Donahue, Jeff and
		  Karayev, Sergey and Long, Jonathan and Girshick, Ross and
		  Guadarrama, Sergio and Darrell, Trevor},
  booktitle	= {Proceedings of the 22nd ACM international conference on
		  Multimedia},
  pages		= {675--678},
  year		= {2014},
  organization	= {ACM}
}

@Article{	  josep2010view,
  title		= {A view of cloud computing},
  author	= {JoSEP, Anthony D and KAtz, RAnDy and KonWinSKi, AnDy and
		  Gunho, LEE and PAttERSon, DAViD and RABKin, ARiEL},
  journal	= {Communications of the ACM},
  volume	= {53},
  number	= {4},
  year		= {2010}
}

@Article{	  jurkevics1988polarization,
  author	= {Jurkevics, Andy},
  title		= {Polarization analysis of three-component array data},
  journal	= {Bulletin of the Seismological Society of America},
  volume	= {78},
  number	= {5},
  pages		= {1725-1743},
  year		= {1988},
  doi		= {},
  url		= { + http://dx.doi.org/}
}

@Article{	  kagan2004short,
  author	= {Kagan, Yan Y},
  title		= {Short-term properties of earthquake catalogs and models of
		  earthquake source},
  journal	= {Bulletin of the Seismological Society of America},
  year		= {2004},
  volume	= {94},
  number	= {4},
  pages		= {1207--1228},
  publisher	= {Seismological Society of America}
}

@Article{	  kamath2016distributed,
  title		= {Distributed travel-time seismic tomography in large-scale
		  sensor networks},
  author	= {Kamath, Goutham and Shi, Lei and Song, Wen-Zhan and Lees,
		  Jonathan},
  journal	= {Journal of Parallel and Distributed Computing},
  volume	= {89},
  pages		= {50--64},
  year		= {2016},
  publisher	= {Elsevier}
}

@InProceedings{	  kim2016deeply,
  author	= {Kim, Jiwon and Kwon Lee, Jung and Mu Lee, Kyoung},
  title		= {Deeply-Recursive Convolutional Network for Image
		  Super-Resolution},
  booktitle	= {The IEEE Conference on Computer Vision and Pattern
		  Recognition (CVPR)},
  month		= {June},
  year		= {2016}
}

@Article{	  kingma2014adam,
  author	= {Kingma, Diederik and Ba, Jimmy},
  title		= {Adam: A method for stochastic optimization},
  journal	= {arXiv preprint arXiv:1412.6980},
  year		= {2014}
}

@Article{	  kohonen1982self,
  title		= {Self-organized formation of topologically correct feature
		  maps},
  author	= {Kohonen, Teuvo},
  journal	= {Biological cybernetics},
  volume	= {43},
  number	= {1},
  pages		= {59--69},
  year		= {1982},
  publisher	= {Springer}
}

@Article{	  kong2016myshake,
  title		= {MyShake: A smartphone seismic network for earthquake early
		  warning and beyond},
  author	= {Kong, Qingkai and Allen, Richard M and Schreier, Louis and
		  Kwon, Young-Woo},
  journal	= {Science advances},
  volume	= {2},
  number	= {2},
  pages		= {e1501055},
  year		= {2016},
  publisher	= {American Association for the Advancement of Science}
}

@Article{	  kong2018machine,
  author	= {Kong, Qingkai and Trugman, Daniel T. and Ross, Zachary E.
		  and Bianco, Michael J. and Meade, Brendan J. and Gerstoft,
		  Peter},
  title		= {Machine Learning in Seismology: Turning Data into
		  Insights},
  journal	= {Seismological Research Letters},
  volume	= {90},
  number	= {1},
  pages		= {3-14},
  year		= {2018},
  doi		= {10.1785/0220180259},
  url		= {http://dx.doi.org/10.1785/0220180259},
  eprint	= {/gsw/content_public/journal/srl/90/1/10.1785_0220180259/2/srl-2018259.1.pdf}
}

@Conference{	  Krischer2017AGU,
  author	= {Lio Krischer and Andreas Fichtner},
  title		= {Generating Seismograms with Deep Neural Networks},
  booktitle	= {Abstract presented at 2017 Fall Meeting, AGU},
  year		= {2017},
  number	= {S41D-03},
  address	= {New Orleans, LA},
  month		= dec,
  url		= {https://agu.confex.com/agu/fm17/meetingapp.cgi/Paper/286636}
}

@Article{	  krishnamoorthi2018overview,
  author	= {lRuder, Sebastian, Raghuraman},
  title		= {An overview of gradient descent optimization algorithms},
  journal	= {arXiv preprint arXiv:1609.04747},
  year		= {2018}
}

@Article{	  krishnamoorthi2018quantizing,
  title		= {Quantizing deep convolutional networks for efficient
		  inference: A whitepaper},
  author	= {Krishnamoorthi, Raghuraman},
  journal	= {arXiv preprint arXiv:1806.08342},
  year		= {2018}
}

@InProceedings{	  krizhevsky2012imagenet,
  title		= {Imagenet classification with deep convolutional neural
		  networks},
  author	= {Krizhevsky, Alex and Sutskever, Ilya and Hinton, Geoffrey
		  E},
  booktitle	= {Advances in neural information processing systems},
  publisher	= {Curran Associates, Inc.},
  year		= {2012},
  editor	= {F. Pereira and C. J. C. Burges and L. Bottou and K. Q.
		  Weinberger},
  pages		= {1097--1105},
  url		= {http://papers.nips.cc/paper/4824-imagenet-classification-with-deep-convolutional-neural-networks.pdf}
}

@Article{	  krizhevsky2014one,
  title		= {One weird trick for parallelizing convolutional neural
		  networks},
  author	= {Krizhevsky, Alex},
  journal	= {arXiv preprint arXiv:1404.5997},
  year		= {2014}
}

@InProceedings{	  kurata2017development,
  title		= {Development of sensor module for seismic and structural
		  monitoring with a chip-scale atomic clock},
  author	= {Kurata, Narito},
  booktitle	= {Proceedings of the 16th world conference on earthquake
		  engineering (16WCEE), Paper},
  number	= {583},
  year		= {2017}
}

@Article{	  kurzon2014real,
  author	= {Kurzon, I and Vernon, FL and Rosenberger, A and Ben-Zion,
		  Y},
  title		= {Real-time automatic detectors of {P and S} waves using
		  singular value decomposition},
  journal	= {Bulletin of the Seismological Society of America},
  year		= {2014},
  volume	= {104},
  number	= {4},
  pages		= {1696--1708},
  publisher	= {Seismological Society of America}
}

@Article{	  lecun1989backpropagation,
  title		= {Backpropagation applied to handwritten zip code
		  recognition},
  author	= {LeCun, Yann and Boser, Bernhard and Denker, John S and
		  Henderson, Donnie and Howard, Richard E and Hubbard, Wayne
		  and Jackel, Lawrence D},
  journal	= {Neural computation},
  volume	= {1},
  number	= {4},
  pages		= {541--551},
  year		= {1989},
  publisher	= {MIT Press}
}

@Article{	  lecun1989generalization,
  author	= {LeCun, Yann and others},
  title		= {Generalization and network design strategies},
  journal	= {Connectionism in perspective},
  year		= {1989},
  pages		= {143--155},
  publisher	= {Zurich, Switzerland: Elsevier}
}

@Article{	  lecun2015deep,
  title		= {Deep learning},
  author	= {LeCun, Yann and Bengio, Yoshua and Hinton, Geoffrey},
  journal	= {Nature},
  volume	= {521},
  pages		= {436 EP},
  year		= {2015},
  month		= {may},
  doi		= {10.1038/nature14539},
  publisher	= {Nature Publishing Group, a division of Macmillan
		  Publishers Limited. All Rights Reserved. SN -}
}

@InProceedings{	  li2016performance,
  title		= {Performance analysis of gpu-based convolutional neural
		  networks},
  author	= {Li, Xiaqing and Zhang, Guangyan and Huang, H Howie and
		  Wang, Zhufan and Zheng, Weimin},
  booktitle	= {2016 45th International Conference on Parallel Processing
		  (ICPP)},
  pages		= {67--76},
  year		= {2016},
  organization	= {IEEE}
}

@Article{	  li2016pruning,
  title		= {Pruning filters for efficient convnets},
  author	= {Li, Hao and Kadav, Asim and Durdanovic, Igor and Samet,
		  Hanan and Graf, Hans Peter},
  journal	= {arXiv preprint arXiv:1608.08710},
  year		= {2016}
}

@InProceedings{	  liangHu2015recurrent,
  author	= {Liang, Ming and Hu, Xiaolin},
  title		= {Recurrent Convolutional Neural Network for Object
		  Recognition},
  booktitle	= {The IEEE Conference on Computer Vision and Pattern
		  Recognition (CVPR)},
  month		= {June},
  year		= {2015}
}

@Conference{	  Linville2017AGU,
  author	= {Lisa Linville and Timothy Draelos and Kristine L Pankow
		  and Christopher j Young and Shane Alvarez},
  title		= {Leveraging Long-term Seismic Catalogs for Automated
		  Real-time Event Classification},
  booktitle	= {Abstract presented at 2017 Fall Meeting, AGU},
  year		= {2017},
  number	= {S41D-04},
  address	= {New Orleans, LA},
  month		= dec,
  url		= {https://agu.confex.com/agu/fm17/meetingapp.cgi/Paper/279959}
}

@InProceedings{	  long2015fully,
  author	= {Long, Jonathan and Shelhamer, Evan and Darrell, Trevor},
  title		= {Fully Convolutional Networks for Semantic Segmentation},
  booktitle	= {The IEEE Conference on Computer Vision and Pattern
		  Recognition ({CVPR})},
  month		= {june},
  year		= {2015}
}

@Conference{	  Luzon2017AGU,
  author	= {Manuel Titos Luzón and Angel Bueno Rodriguez and Luz
		  Garcia Martinez and Carmen Benitez and Jesús M Ibáñez},
  title		= {Automatic Classification of volcano-seismic events based
		  on Deep Neural Networks},
  booktitle	= {Abstract presented at 2017 Fall Meeting, AGU},
  year		= {2017},
  number	= {S41D-01},
  address	= {New Orleans, LA},
  month		= dec,
  url		= {https://agu.confex.com/agu/fm17/meetingapp.cgi/Paper/232036}
}

@InProceedings{	  manconi2018evaluation,
  title		= {Evaluation of the Raspberry Shakes seismometers to monitor
		  rock fall activity in alpine environments},
  author	= {Manconi, Andrea and Coviello, Velio},
  booktitle	= {EGU General Assembly Conference Abstracts},
  volume	= {20},
  pages		= {16183},
  year		= {2018}
}

@Article{	  manconi2018monitoring,
  title		= {Monitoring rockfalls with the {Raspberry Shake}},
  author	= {Manconi, Andrea and Coviello, Velio and Galletti, Maud and
		  Seifert, Reto},
  journal	= {Earth Surface Dynamics},
  volume	= {6},
  number	= {4},
  pages		= {1219--1227},
  year		= {2018},
  publisher	= {Copernicus GmbH}
}

@Article{	  mccormack1993first,
  title		= {First-break refraction event picking and seismic data
		  trace editing using neural networks},
  author	= {McCormack, Michael D and Zaucha, David E and Dushek,
		  Dennis W},
  journal	= {Geophysics},
  volume	= {58},
  number	= {1},
  pages		= {67--78},
  year		= {1993},
  publisher	= {Society of Exploration Geophysicists}
}

@Article{	  mcculloch1943logical,
  title		= {A logical calculus of the ideas immanent in nervous
		  activity},
  author	= {McCulloch, Warren S and Pitts, Walter},
  journal	= {The bulletin of mathematical biophysics},
  volume	= {5},
  number	= {4},
  pages		= {115--133},
  year		= {1943},
  publisher	= {Springer}
}

@Article{	  mell2011nist,
  title		= {The NIST definition of cloud computing},
  author	= {Mell, Peter and Grance, Tim and others},
  year		= {2011},
  publisher	= {Computer Security Division, Information Technology
		  Laboratory, National Institute of Standards and
		  Technology}
}

@Article{	  meng2013seismicity,
  author	= {Xiaofeng Meng and Zhigang Peng and Jeanne L. Hardebeck},
  title		= {Seismicity around {Parkfield} correlates with static shear
		  stress changes following the {2003 Mw 6.5 San Simeon}
		  earthquake},
  journal	= {Journal of Geophysical Research: Solid Earth},
  volume	= {118},
  number	= {7},
  pages		= {3576-3591},
  year		= {2013},
  keywords	= {earthquake triggering, stress shadow, Parkfield},
  doi		= {10.1002/jgrb.50271},
  url		= {https://agupubs.onlinelibrary.wiley.com/doi/abs/10.1002/jgrb.50271}
}

@Article{	  minsky1952neural,
  title		= {A neural-analogue calculator based upon a probability
		  model of reinforcement},
  author	= {Minsky, Marvin},
  journal	= {Harvard University Psychological Laboratories, Cambridge,
		  Massachusetts},
  year		= {1952}
}

@Article{	  minsky1969perceptron,
  title		= {Perceptron: an introduction to computational geometry},
  author	= {Minsky, Marvin and Papert, Seymour},
  journal	= {The MIT Press, Cambridge, expanded edition},
  volume	= {19},
  number	= {88},
  pages		= {2},
  year		= {1969}
}

@InProceedings{	  mohamed2011deep,
  title		= {Deep Belief Networks using discriminative features for
		  phone recognition.},
  author	= {Mohamed, Abdel-rahman and Sainath, Tara N and Dahl, George
		  E and Ramabhadran, Bhuvana and Hinton, Geoffrey E and
		  Picheny, Michael A and others},
  booktitle	= {ICASSP},
  pages		= {5060--5063},
  year		= {2011}
}

@Article{	  molchanov2016pruning,
  author	= {Pavlo Molchanov and Stephen Tyree and Tero Karras and Timo
		  Aila and Jan Kautz},
  title		= {Pruning Convolutional Neural Networks for Resource
		  Efficient Transfer Learning},
  journal	= {CoRR},
  volume	= {abs/1611.06440},
  year		= {2016},
  url		= {http://arxiv.org/abs/1611.06440},
  archiveprefix	= {arXiv},
  eprint	= {1611.06440}
}

@Article{	  morita1984automatic,
  title		= {Automatic detection of onset time of seismic waves and its
		  confidence interval using the autoregressive model
		  fitting},
  author	= {Morita, Y. and Hamaguchi, H.},
  journal	= {Zisin (J. Seism. Soc. Japan)},
  volume	= {37},
  pages		= {281--293},
  year		= {1984}
}

@Article{	  mousavi2018cred,
  title		= {Cred: A deep residual network of convolutional and
		  recurrent units for earthquake signal detection},
  author	= {Mousavi, S Mostafa and Zhu, Weiqiang and Sheng, Yixiao and
		  Beroza, Gregory C},
  journal	= {arXiv preprint arXiv:1810.01965},
  year		= {2018}
}

@Article{	  Murat1992,
  author	= {Murat, Michael E. and Rudman, Albert J.},
  title		= {Automated first arrival picking: A neural network
		  approach},
  journal	= {Geophysical Prospecting},
  year		= {1992},
  volume	= {40},
  number	= {6},
  pages		= {587--604},
  issn		= {1365-2478},
  doi		= {10.1111/j.1365-2478.1992.tb00543.x},
  publisher	= {Blackwell Publishing Ltd},
  url		= {http://dx.doi.org/10.1111/j.1365-2478.1992.tb00543.x}
}

@InProceedings{	  nair2010rectified,
  author	= {Nair, Vinod and Hinton, Geoffrey E},
  title		= {Rectified linear units improve restricted boltzmann
		  machines},
  booktitle	= {Proceedings of the 27th international conference on
		  machine learning (ICML-10)},
  year		= {2010},
  pages		= {807--814}
}

@Article{	  nakano2019discrimination,
  title		= {Discrimination of Seismic Signals from Earthquakes and
		  Tectonic Tremor by Applying a Convolutional Neural Network
		  to Running Spectral Images},
  author	= {Nakano, Masaru and Sugiyama, D and Hori, T and Kuwatani, T
		  and Tsuboi, S},
  journal	= {Seismological Research Letters},
  year		= {2019},
  publisher	= {Seismological Society of America}
}

@Article{	  narendra1990identification,
  title		= {Identification and control of dynamical systems using
		  neural networks},
  author	= {Narendra, Kumpati S and Parthasarathy, Kannan},
  journal	= {IEEE Transactions on neural networks},
  volume	= {1},
  number	= {1},
  pages		= {4--27},
  year		= {1990},
  publisher	= {IEEE}
}

@Article{	  neal1992connectionist,
  title		= {Connectionist learning of belief networks},
  author	= {Neal, Radford M},
  journal	= {Artificial intelligence},
  volume	= {56},
  number	= {1},
  pages		= {71--113},
  year		= {1992},
  publisher	= {Elsevier}
}

@Article{	  nippress2010optimized,
  author	= {Nippress, S. E. J. and Rietbrock, A. and Heath, A. E.},
  title		= {Optimized automatic pickers: application to the {ANCORP}
		  data set},
  journal	= {Geophysical Journal International},
  year		= {2010},
  volume	= {181},
  number	= {2},
  pages		= {911-925},
  doi		= {10.1111/j.1365-246X.2010.04531.x}
}

@TechReport{	  page1999pagerank,
  title		= {The PageRank citation ranking: Bringing order to the
		  web.},
  author	= {Page, Lawrence and Brin, Sergey and Motwani, Rajeev and
		  Winograd, Terry},
  year		= {1999},
  institution	= {Stanford InfoLab}
}

@Article{	  parker1982learning,
  title		= {Learning logic. Invention report 581-64, Department of
		  Electrical Engineering},
  author	= {Parker, D},
  journal	= {Stanford University, Stanford},
  volume	= {581},
  pages		= {64},
  year		= {1982}
}

@InCollection{	  paszke2017automatic,
  title		= {Automatic differentiation in {PyTorch}},
  author	= {Paszke, Adam and Gross, Sam and Chintala, Soumith and
		  Chanan, Gregory and Yang, Edward and DeVito, Zachary and
		  Lin, Zeming and Desmaison, Alban and Antiga, Luca and
		  Lerer, Adam},
  booktitle	= {Advances in Neural Information Processing Systems 30},
  booksubtitle	= {Autodiff Workshop},
  year		= {2017},
  url		= {https://openreview.net/forum?id=BJJsrmfCZ}
}

@Article{	  peng2006anomalous,
  author	= {Peng, Zhigang and Vidale, John E and Houston, Heidi},
  title		= {Anomalous early aftershock decay rate of the {2004 Mw 6.0
		  Parkfield, California,} earthquake},
  journal	= {Geophysical Research Letters},
  year		= {2006},
  volume	= {33},
  number	= {17},
  publisher	= {Wiley Online Library}
}

@Article{	  peng2009migration,
  author	= {Peng, Zhigang and Zhao, Peng},
  title		= {Migration of early aftershocks following the {2004
		  Parkfield} earthquake},
  journal	= {Nature Geoscience},
  year		= {2009},
  volume	= {2},
  number	= {12},
  pages		= {877-881},
  publisher	= {Nature Publishing Group}
}

@Article{	  perol2018convolutional,
  author	= {Perol, Thibaut and Gharbi, Micha{\"e}l and Denolle,
		  Marine},
  title		= {Convolutional neural network for earthquake detection and
		  location},
  journal	= {Science Advances},
  year		= {2018},
  volume	= {4},
  number	= {2},
  doi		= {10.1126/sciadv.1700578},
  eprint	= {http://advances.sciencemag.org/content/4/2/e1700578.full.pdf},
  publisher	= {American Association for the Advancement of Science},
  url		= {http://advances.sciencemag.org/content/4/2/e1700578}
}

@Article{	  pisarenko1987statistical,
  title		= "Statistical adaptive algorithms for estimation of onset
		  moments of seismic phases",
  journal	= "Physics of the Earth and Planetary Interiors",
  volume	= "47",
  pages		= "4 - 10",
  year		= "1987",
  issn		= "0031-9201",
  doi		= "https://doi.org/10.1016/0031-9201(87)90062-8",
  url		= "http://www.sciencedirect.com/science/article/pii/0031920187900628",
  author	= "V.F. Pisarenko and A.F. Kushnir and I.V. Savin"
}

@InProceedings{	  pomerleau1989alvinn,
  title		= {Alvinn: An autonomous land vehicle in a neural network},
  author	= {Pomerleau, Dean A},
  booktitle	= {Advances in neural information processing systems},
  pages		= {305--313},
  year		= {1989}
}

@InProceedings{	  pulli2018seismic,
  title		= {Seismic Observations in the Washington, {DC} Area With a
		  Raspberry Shake Network},
  author	= {Pulli, JJ},
  booktitle	= {AGU Fall Meeting Abstracts},
  year		= {2018}
}

@InProceedings{	  raina2009large,
  title		= {Large-scale deep unsupervised learning using graphics
		  processors},
  author	= {Raina, Rajat and Madhavan, Anand and Ng, Andrew Y},
  booktitle	= {Proceedings of the 26th annual international conference on
		  machine learning},
  pages		= {873--880},
  year		= {2009},
  organization	= {ACM}
}

@Article{	  riahi2015seismic,
  title		= {The seismic traffic footprint: Tracking trains, aircraft,
		  and cars seismically},
  author	= {Riahi, Nima and Gerstoft, Peter},
  journal	= {Geophysical Research Letters},
  volume	= {42},
  number	= {8},
  pages		= {2674--2681},
  year		= {2015},
  publisher	= {Wiley Online Library}
}

@Article{	  robbins1951stohastic,
  author	= "Robbins, Herbert and Monro, Sutton",
  doi		= "10.1214/aoms/1177729586",
  journal	= "The Annals of Mathematical Statistics",
  month		= "09",
  number	= "3",
  pages		= "400--407",
  publisher	= "The Institute of Mathematical Statistics",
  title		= "A Stochastic Approximation Method",
  url		= "https://doi.org/10.1214/aoms/1177729586",
  volume	= "22",
  year		= "1951"
}

@Article{	  rochester1956tests,
  title		= {Tests on a cell assembly theory of the action of the
		  brain, using a large digital computer},
  author	= {Rochester, Nathaniel and Holland, J and Haibt, L and Duda,
		  W},
  journal	= {IRE Transactions on information Theory},
  volume	= {2},
  number	= {3},
  pages		= {80--93},
  year		= {1956},
  publisher	= {IEEE}
}

@InProceedings{	  ronneberger2015unet,
  author	= "Ronneberger, Olaf and Fischer, Philipp and Brox, Thomas",
  title		= {U-Net: Convolutional Networks for Biomedical Image
		  Segmentation},
  booktitle	= {Medical Image Computing and Computer-Assisted Intervention
		  -- MICCAI 2015},
  year		= {2015},
  publisher	= {Springer International Publishing},
  pages		= {234--241},
  isbn		= {978-3-319-24574-4}
}

@Article{	  rosenberger2010real,
  author	= {Rosenberger, Andreas},
  title		= {Real-time ground-motion analysis: distinguishing {P and S}
		  arrivals in a noisy environment},
  journal	= {Bulletin of the Seismological Society of America},
  year		= {2010},
  volume	= {100},
  number	= {3},
  pages		= {1252--1262},
  publisher	= {Seismological Society of America}
}

@Article{	  rosenblatt1958perceptron,
  title		= {The perceptron: a probabilistic model for information
		  storage and organization in the brain.},
  author	= {Rosenblatt, Frank},
  journal	= {Psychological review},
  volume	= {65},
  number	= {6},
  pages		= {386},
  year		= {1958},
  publisher	= {American Psychological Association}
}

@TechReport{	  rosenblatt1961principles,
  title		= {Principles of neurodynamics. perceptrons and the theory of
		  brain mechanisms},
  author	= {Rosenblatt, Frank},
  year		= {1961},
  institution	= {Cornell Aeronautical Lab Inc., Buffalo NY}
}

@Article{	  ross2014automatic,
  author	= {Ross, Z. E. and Ben-Zion, Y.},
  title		= {Automatic picking of direct {P, S} seismic phases and
		  fault zone head waves},
  journal	= {Geophysical Journal International},
  year		= {2014},
  volume	= {199},
  number	= {1},
  pages		= {368-381},
  doi		= {10.1093/gji/ggu267},
  url		= { + http://dx.doi.org/10.1093/gji/ggu267}
}

@Article{	  ross2014bearthquake,
  author	= {Ross, Z.E. and Ben-Zion, Y.},
  title		= {An earthquake detection algorithm with
		  pseudo-probabilities of multiple indicators},
  journal	= {Geophysical Journal International},
  year		= {2014},
  volume	= {197},
  number	= {1},
  pages		= {458-463},
  doi		= {10.1093/gji/ggt516},
  url		= {http://dx.doi.org/10.1093/gji/ggt516}
}

@Conference{	  Ross2017AGU,
  author	= {Zachary E. Ross and Men-Andrin Meier and Egill Hauksson},
  title		= {Robust automated classification of first-motion polarities
		  for focal mechanism determination with machine learning},
  booktitle	= {Abstract presented at 2017 Fall Meeting, AGU},
  year		= {2017},
  number	= {S41D-06},
  address	= {New Orleans, LA},
  month		= dec,
  url		= {https://agu.confex.com/agu/fm17/meetingapp.cgi/Paper/291238}
}

@Article{	  ross2018generalized,
  title		= {Generalized seismic phase detection with deep learning},
  author	= {Ross, Zachary E and Meier, Men-Andrin and Hauksson, Egill
		  and Heaton, Thomas H},
  journal	= {Bulletin of the Seismological Society of America},
  volume	= {108},
  number	= {5A},
  pages		= {2894--2901},
  year		= {2018},
  publisher	= {Seismological Society of America}
}

@Article{	  rost2002array,
  author	= {Rost, Sebastian and Thomas, Christine},
  title		= {ARRAY SEISMOLOGY: METHODS AND APPLICATIONS},
  journal	= {Reviews of Geophysics},
  volume	= {40},
  number	= {3},
  pages		= {2-1-2-27},
  keywords	= {array seismology, array methods, geophysics, earthquake
		  and nuclear explosion seismology},
  doi		= {10.1029/2000RG000100},
  url		= {https://agupubs.onlinelibrary.wiley.com/doi/abs/10.1029/2000RG000100},
  eprint	= {https://agupubs.onlinelibrary.wiley.com/doi/pdf/10.1029/2000RG000100},
  year		= {2002}
}

@Article{	  rouet-Leduc2017machine,
  author	= {Rouet-Leduc, Bertrand and Hulbert, Claudia and Lubbers,
		  Nicholas and Barros, Kipton and Humphreys, Colin J. and
		  Johnson, Paul A.},
  title		= {Machine Learning Predicts Laboratory Earthquakes},
  journal	= {Geophysical Research Letters},
  volume	= {44},
  number	= {18},
  issn		= {1944-8007},
  url		= {http://dx.doi.org/10.1002/2017GL074677},
  doi		= {10.1002/2017GL074677},
  pages		= {9276--9282},
  keywords	= {machine learning, earthquake prediction, laboratory
		  earthquakes, acoustic signal identification, earthquake
		  precursors},
  year		= {2017}
}

@Article{	  ruder2016overview,
  author	= {Ruder, Sebastian},
  title		= {An overview of gradient descent optimization algorithms},
  journal	= {arXiv preprint arXiv:1609.04747},
  year		= {2016}
}

@TechReport{	  rumelhart1985learning,
  title		= {Learning internal representations by error propagation},
  author	= {Rumelhart, David E and Hinton, Geoffrey E and Williams,
		  Ronald J},
  year		= {1985},
  institution	= {California Univ San Diego La Jolla Inst for Cognitive
		  Science}
}

@Article{	  saragiotis2002pai,
  author	= {C. D. Saragiotis and L. J. Hadjileontiadis and S. M.
		  Panas},
  title		= {{PAI-S/K:} A robust automatic seismic {P} phase arrival
		  identification scheme},
  journal	= {IEEE Transactions on Geoscience and Remote Sensing},
  year		= {2002},
  volume	= {40},
  number	= {6},
  pages		= {1395-1404},
  month		= {Jun},
  issn		= {0196-2892},
  doi		= {10.1109/TGRS.2002.800438},
  keywords	= {earthquakes;geophysical signal processing;geophysical
		  techniques;seismology;P phase
		  arrival;PAI-S/K;algorithm;arrival;automatic
		  identification;earthquake;geophysical measurement
		  technique;higher-order statistics;identification
		  scheme;kurtosis;phase arrival identification;robust
		  automatic method;seismic P phase;seismic event;seismic
		  signal processing;seismology;skewness;skewness
		  kurtosis;Earth;Earthquakes;Gaussian noise;Higher order
		  statistics;Humans;Phase noise;Robustness;Seismic
		  waves;Seismology;Signal processing algorithms}
}

@Article{	  satyanarayanan2017emergence,
  title		= {The emergence of edge computing},
  author	= {Satyanarayanan, Mahadev},
  journal	= {Computer},
  volume	= {50},
  number	= {1},
  pages		= {30--39},
  year		= {2017},
  publisher	= {IEEE}
}

@InProceedings{	  schraudolph1994temporal,
  title		= {Temporal difference learning of position evaluation in the
		  game of Go},
  author	= {Schraudolph, Nicol N and Dayan, Peter and Sejnowski,
		  Terrence J},
  booktitle	= {Advances in Neural Information Processing Systems},
  pages		= {817--824},
  year		= {1994}
}

@Article{	  sepulveda2016internet,
  title		= {The Internet of Geophysical Things: Raspberry Pi Enhanced
		  {REF TEK (RaPiER)} System Integration and Evaluation},
  author	= {Sepulveda, Frank and Pulliam, Jay},
  journal	= {Seismological Research Letters},
  volume	= {87},
  number	= {2A},
  pages		= {345--357},
  year		= {2016},
  publisher	= {Seismological Society of America}
}

@Article{	  shelly2007non,
  author	= {Shelly, David R. and Beroza, Gregory C. and Ide, Satoshi},
  title		= {Non-volcanic tremor and low-frequency earthquake swarms},
  journal	= {Nature},
  year		= {2007},
  volume	= {446},
  pages		= {305–307},
  doi		= {10.1038/nature05666}
}

@Article{	  shi2016edge,
  title		= {Edge computing: Vision and challenges},
  author	= {Shi, Weisong and Cao, Jie and Zhang, Quan and Li, Youhuizi
		  and Xu, Lanyu},
  journal	= {IEEE Internet of Things Journal},
  volume	= {3},
  number	= {5},
  pages		= {637--646},
  year		= {2016},
  publisher	= {IEEE}
}

@Article{	  shin2016deep,
  author	= {H. C. Shin and H. R. Roth and M. Gao and L. Lu and Z. Xu
		  and I. Nogues and J. Yao and D. Mollura and R. M. Summers},
  title		= {Deep Convolutional Neural Networks for Computer-Aided
		  Detection: {CNN} Architectures, Dataset Characteristics and
		  Transfer Learning},
  journal	= {IEEE Transactions on Medical Imaging},
  year		= {2016},
  volume	= {35},
  number	= {5},
  pages		= {1285-1298},
  month		= {May},
  issn		= {0278-0062},
  doi		= {10.1109/TMI.2016.2528162}
}

@Article{	  simonyan2014very,
  title		= {Very deep convolutional networks for large-scale image
		  recognition},
  author	= {Simonyan, Karen and Zisserman, Andrew},
  journal	= {arXiv preprint arXiv:1409.1556},
  year		= {2014}
}

@Article{	  skoumal2014optimizing,
  author	= {Robert J. Skoumal and Michael R. Brudzinski and Brian S.
		  Currie and Jonathan Levy},
  title		= {Optimizing multi-station earthquake template matching
		  through re-examination of the {Youngstown, Ohio,}
		  sequence},
  journal	= {Earth and Planetary Science Letters},
  year		= {2014},
  volume	= {405},
  number	= {Supplement C},
  pages		= {274 - 280},
  issn		= {0012-821X},
  doi		= {https://doi.org/10.1016/j.epsl.2014.08.033},
  keywords	= {induced seismicity, wastewater injection, template
		  matching},
  url		= {http://www.sciencedirect.com/science/article/pii/S0012821X14005391}
}

@Article{	  slater2012california,
  title		= {California's dense urban environment spawns friendlier
		  {3D} seismic survey design},
  author	= {Slater, David and Hollis, Daniel},
  journal	= {Oil and Gas Journal},
  volume	= {110},
  number	= {11},
  pages		= {54},
  year		= {2012}
}

@Article{	  sleeman1999robust,
  author	= {Sleeman, Reinoud and van Eck, Torild},
  title		= {Robust automatic {P-phase} picking: An on-line
		  implementation in the analysis of broadband seismogram
		  recordings},
  journal	= {Physics of the earth and planetary interiors},
  year		= {1999},
  volume	= {113},
  pages		= {265-275},
  month		= {06},
  booktitle	= {Physics of the Earth and Planetary Interiors}
}

@Article{	  sweet2018community,
  title		= {A community experiment to record the full seismic
		  wavefield in Oklahoma},
  author	= {Sweet, Justin R and Anderson, Kent R and Bilek, Susan and
		  Brudzinski, Michael and Chen, Xiaowei and DeShon, Heather
		  and Hayward, Chris and Karplus, Marianne and Keranen, Katie
		  and Langston, Charles and others},
  journal	= {Seismological Research Letters},
  volume	= {89},
  number	= {5},
  pages		= {1923--1930},
  year		= {2018},
  publisher	= {Seismological Society of America}
}

@InProceedings{	  szegedy2015going,
  title		= {Going deeper with convolutions},
  author	= {Szegedy, Christian and Liu, Wei and Jia, Yangqing and
		  Sermanet, Pierre and Reed, Scott and Anguelov, Dragomir and
		  Erhan, Dumitru and Vanhoucke, Vincent and Rabinovich,
		  Andrew},
  booktitle	= {{IEEE} Conference on Computer Vision and Pattern
		  Recognition (CVPR)},
  year		= {2015},
  month		= {June},
  url		= {https://www.cv-foundation.org/openaccess/content_cvpr_2015/html/Szegedy_Going_Deeper_With_2015_CVPR_paper.html}
}

@InProceedings{	  szegedy2017inception,
  title		= {Inception-v4, inception-resnet and the impact of residual
		  connections on learning},
  author	= {Szegedy, Christian and Ioffe, Sergey and Vanhoucke,
		  Vincent and Alemi, Alexander A},
  booktitle	= {Thirty-First {AAAI} Conference on Artificial
		  Intelligence},
  volume	= {4},
  pages		= {12},
  year		= {2017}
}

@Article{	  takanami1991estimation,
  author	= "Takanami, Tetsuo and Kitagawa, Genshiro",
  title		= "Estimation of the arrival times of seismic waves by
		  multivariate time series model",
  journal	= "Annals of the Institute of Statistical Mathematics",
  year		= "1991",
  month		= "Sep",
  day		= "01",
  volume	= "43",
  number	= "3",
  pages		= "407--433",
  issn		= "1572-9052",
  doi		= "10.1007/BF00053364",
  url		= "https://doi.org/10.1007/BF00053364"
}

@Article{	  tarvainen1992automatic,
  author	= {Tarvainen, Matti},
  title		= {Automatic seismogram analysis: Statistical phase picking
		  and locating methods using one-station three-component
		  data},
  journal	= {Bulletin of the Seismological Society of America},
  volume	= {82},
  number	= {2},
  pages		= {860},
  year		= {1992},
  eprint	= {/gsw/content_public/journal/bssa/82/2/0037110682020013/3/bssa0820020860.pdf}
}

@Article{	  tesauro1995temporal,
  title		= {Temporal difference learning and TD-Gammon},
  author	= {Tesauro, Gerald},
  journal	= {Communications of the ACM},
  volume	= {38},
  number	= {3},
  pages		= {58--68},
  year		= {1995}
}

@InProceedings{	  thrun1995learning,
  title		= {Learning to play the game of chess},
  author	= {Thrun, Sebastian},
  booktitle	= {Advances in neural information processing systems},
  pages		= {1069--1076},
  year		= {1995}
}

@Article{	  tieleman2012lecture,
  author	= {Tieleman, Tijmen and Hinton, Geoffrey},
  title		= {Lecture 6.5-rmsprop: Divide the gradient by a running
		  average of its recent magnitude},
  journal	= {COURSERA: Neural networks for machine learning},
  year		= {2012},
  volume	= {4},
  number	= {2},
  pages		= {26--31}
}

@Book{		  upton2014raspberry,
  title		= {Raspberry Pi user guide},
  author	= {Upton, Eben and Halfacree, Gareth},
  year		= {2014},
  publisher	= {John Wiley \& Sons}
}

@Article{	  vasilache2014fast,
  title		= {Fast convolutional nets with fbfft: A GPU performance
		  evaluation},
  author	= {Vasilache, Nicolas and Johnson, Jeff and Mathieu, Michael
		  and Chintala, Soumith and Piantino, Serkan and LeCun,
		  Yann},
  journal	= {arXiv preprint arXiv:1412.7580},
  year		= {2014}
}

@Misc{		  von1957non,
  title		= {Non-linear capacitance or inductance switching,
		  amplifying, and memory organs},
  author	= {Von Neumann, John},
  year		= {1957},
  month		= dec # "~3",
  publisher	= {Google Patents},
  note		= {US Patent 2,815,488}
}

@Article{	  von1993first,
  title		= {First Draft of a Report on the EDVAC},
  author	= {Von Neumann, John},
  journal	= {IEEE Annals of the History of Computing},
  volume	= {15},
  number	= {4},
  pages		= {27--75},
  year		= {1993},
  publisher	= {IEEE}
}

@Article{	  waibel1995phoneme,
  title		= {Phoneme recognition using time-delay neural networks},
  author	= {Waibel, Alexander and Hanazawa, Toshiyuki and Hinton,
		  Geoffrey and Shikano, Kiyohiro and Lang, Kevin J},
  journal	= {Backpropagation: Theory, Architectures and Applications},
  pages		= {35--61},
  year		= {1995},
  publisher	= {Lawrence Erlbaum Assoc. Mahwah, NJ}
}

@Article{	  waldhauser2000double,
  title		= {A double-difference earthquake location algorithm: Method
		  and application to the northern Hayward fault, California},
  author	= {Waldhauser, Felix and Ellsworth, William L},
  journal	= {Bulletin of the Seismological Society of America},
  volume	= {90},
  number	= {6},
  pages		= {1353--1368},
  year		= {2000},
  publisher	= {Seismological Society of America}
}

@InProceedings{	  wei2016network,
  author	= {Tao Wei and Changhu Wang and Yong Rui and Chang Wen Chen},
  title		= {Network Morphism},
  booktitle	= {Proceedings of The 33rd International Conference on
		  Machine Learning},
  year		= {2016},
  editor	= {Maria Florina Balcan and Kilian Q. Weinberger},
  volume	= {48},
  series	= {Proceedings of Machine Learning Research},
  pages		= {564--572},
  address	= {New York, New York, USA},
  month		= {20--22 Jun},
  publisher	= {PMLR},
  file		= {wei16.pdf:http\://proceedings.mlr.press/v48/wei16.pdf:PDF},
  url		= {http://proceedings.mlr.press/v48/wei16.html}
}

@Article{	  werbos1974beyond,
  title		= {Beyond Regression: New Tools for Prediction and Analysis
		  in the Behavioral Sciences//Phd Thesis, Dept. of Applied
		  Mathematics. Harvard University, Cambridge, MA., 1974},
  author	= {Werbos, PJ},
  year		= {1974}
}

@Misc{		  widrow1960adaline,
  title		= {An adaptive'ADALINE'neuron using chemical'memistors',
		  1553-1552},
  author	= {Widrow, B},
  year		= {1960},
  publisher	= {Stanford Electronics Laboratories}
}

@TechReport{	  widrow1960adaptive,
  title		= {Adaptive switching circuits},
  author	= {Widrow, Bernard and Hoff, Marcian E},
  year		= {1960},
  institution	= {Stanford Univ Ca Stanford Electronics Labs}
}

@InCollection{	  widrow1962associative,
  title		= {Associative storage and retrieval of digital information
		  in networks of adaptive “neurons”},
  author	= {Widrow, Bernard and Hoff, Marcian E},
  booktitle	= {Biological Prototypes and Synthetic Systems},
  pages		= {160--160},
  year		= {1962},
  publisher	= {Springer}
}

@Article{	  widrow199030,
  title		= {30 years of adaptive neural networks: perceptron,
		  madaline, and backpropagation},
  author	= {Widrow, Bernard and Lehr, Michael A},
  journal	= {Proceedings of the IEEE},
  volume	= {78},
  number	= {9},
  pages		= {1415--1442},
  year		= {1990},
  publisher	= {IEEE}
}

@InProceedings{	  winter1988madaline,
  title		= {Madaline Rule II: a training algorithm for neural
		  networks},
  author	= {Winter, Capt Rodney and Widrow, B},
  booktitle	= {Second Annual International Conference on Neural
		  Networks},
  pages		= {1--401},
  year		= {1988}
}

@Article{	  withers1998comparison,
  author	= {Withers, Mitchell and Aster, Richard and Young,
		  Christopher and Beiriger, Judy and Harris, Mark and Moore,
		  Susan and Trujillo, Julian},
  title		= {A comparison of select trigger algorithms for automated
		  global seismic phase and event detection},
  journal	= {Bulletin of the Seismological Society of America},
  year		= {1998},
  volume	= {88},
  number	= {1},
  pages		= {95},
  url		= { + http://dx.doi.org/}
}

@Article{	  woollam2019convolutional,
  title		= {Convolutional neural network for seismic phase
		  classification, performance demonstration over a local
		  seismic network},
  author	= {Woollam, Jack and Rietbrock, Andreas and Bueno, Angel and
		  De Angelis, Silvio},
  journal	= {Seismological Research Letters},
  volume	= {90},
  number	= {2A},
  pages		= {491--502},
  year		= {2019},
  publisher	= {Seismological Society of America}
}

@Article{	  xu2009coseismic,
  author	= {Xu, Xiwei and Wen, Xueze and Yu, Guihua and Chen, Guihua
		  and Klinger, Yann and Hubbard, Judith and Shaw, John},
  title		= {Coseismic reverse- and oblique-slip surface faulting
		  generated by the {2008 Mw 7.9 Wenchuan earthquake, China}},
  journal	= {Geology},
  volume	= {37},
  number	= {6},
  pages		= {515-518},
  year		= {2009},
  doi		= {10.1130/G25462A.1},
  url		= { + http://dx.doi.org/10.1130/G25462A.1}
}

@Article{	  yin2018evolution,
  author	= {Yin, Xin and Chen, Jiu-hui and Peng, Zhigang and Meng,
		  Xiaofeng and Liu, Qi and Guo, Biao and Cheng Li, Shun},
  year		= {2018},
  month		= {08},
  volume	= {123},
  number	= {9},
  pages		= {7775-7790},
  keywords	= {waveform matched-filter technique, seismic tectonics,
		  fault geometry, spatiotemporal evolution, Wenchuan
		  earthquake},
  doi		= {10.1029/2018JB015575},
  url		= {https://agupubs.onlinelibrary.wiley.com/doi/abs/10.1029/2018JB015575},
  eprint	= {https://agupubs.onlinelibrary.wiley.com/doi/pdf/10.1029/2018JB015575},
  title		= {Evolution and Distribution of the Early Aftershocks
		  Following the {2008 Mw 7.9 Wenchuan} Earthquake in
		  {Sichuan, China}},
  journal	= {Journal of Geophysical Research: Solid Earth}
}

@Article{	  yoon2015earthquake,
  author	= {Yoon, Clara E. and O{\textquoteright}Reilly, Ossian and
		  Bergen, Karianne J. and Beroza, Gregory C.},
  title		= {Earthquake detection through computationally efficient
		  similarity search},
  journal	= {Science Advances},
  year		= {2015},
  volume	= {1},
  number	= {11},
  doi		= {10.1126/sciadv.1501057},
  publisher	= {American Association for the Advancement of Science},
  url		= {http://advances.sciencemag.org/content/1/11/e1501057}
}

@Article{	  zhang2014real,
  title		= {Real-time earthquake monitoring using a search engine
		  method},
  author	= {Zhang, Jie and Zhang, Haijiang and Chen, Enhong and Zheng,
		  Yi and Kuang, Wenhuan and Zhang, Xiong},
  journal	= {Nature communications},
  volume	= {5},
  pages		= {5664},
  year		= {2014},
  publisher	= {Nature Publishing Group}
}

@Article{	  zhang2018locating,
  title		= {Locating earthquakes with a network of seismic stations
		  via a deep learning method},
  author	= {Zhang, Xiong and Zhang, Jie and Yuan, Congcong and Liu,
		  Sen and Chen, Zhibo and Li, Weiping},
  journal	= {arXiv preprint arXiv:1808.09603},
  year		= {2018}
}

@InProceedings{	  zhou1988computation,
  author	= {Y. T. Zhou and R. Chellappa},
  title		= {Computation of optical flow using a neural network},
  booktitle	= {IEEE 1988 International Conference on Neural Networks},
  year		= {1988},
  pages		= {71-78 vol.2},
  month		= {July},
  doi		= {10.1109/ICNN.1988.23914},
  keywords	= {computerised picture processing;neural nets;2-D
		  polynomial;computerised picture processing;neural
		  nets;neural network;optical flow;smooth continuous
		  image-intensity function;synthetic image sequences;Image
		  processing;Neural networks}
}

@Article{	  zhou2019hybrid,
  title		= {Hybrid Event Detection and Phase-Picking Algorithm Using
		  Convolutional and Recurrent Neural Networks},
  author	= {Zhou, Yijian and Yue, Han and Kong, Qingkai and Zhou,
		  Shiyong},
  journal	= {Seismological Research Letters},
  year		= {2019},
  publisher	= {Seismological Society of America},
  doi		= {10.1785/0220180319}
}

@InProceedings{	  zhu2018deep,
  title		= {Deep learning for seismic event detection of earthquake
		  aftershocks},
  author	= {Zhu, Lijun and Peng, Zhigang and McClellan, James},
  booktitle	= {2018 52nd Asilomar Conference on Signals, Systems, and
		  Computers},
  pages		= {1121--1125},
  year		= {2018},
  organization	= {IEEE}
}

@InProceedings{	  zhu2018event,
  title		= {Event Detection and Phase Picking Based on Deep
		  Convolutional Neural Networks},
  author	= {Zhu, L and Peng, Z and McClellan, J},
  booktitle	= {80th EAGE Conference and Exhibition 2018},
  year		= {2018}
}

@Article{	  zhu2019along,
  title		= {Along-strike variation in slab geometry at the southern
		  Mariana subduction zone revealed by seismicity through
		  ocean bottom seismic experiments},
  author	= {Zhu, Gaohua and Yang, Hongfeng and Lin, Jian and Zhou,
		  Zhiyuan and Xu, Min and Sun, Jinlong and Wan, Kuiyuan},
  journal	= {Geophysical Journal International},
  year		= {2019},
  month		= {jun},
  issn		= {0956-540X},
  doi		= {10.1093/gji/ggz272},
  url		= {https://doi.org/10.1093/gji/ggz272},
  eprint	= {http://oup.prod.sis.lan/gji/advance-article-pdf/doi/10.1093/gji/ggz272/28790757/ggz272.pdf}
}

@Article{	  zhu2019deep,
  title		= {Deep learning for seismic phase detection and picking in
		  the aftershock zone of 2008 Mw7. 9 Wenchuan Earthquake},
  author	= {Zhu, Lijun and Peng, Zhigang and McClellan, James and Li,
		  Chenyu and Yao, DongDong and Li, Zefeng and Fang, Lihua},
  journal	= {Physics of the Earth and Planetary Interiors},
  year		= {2019},
  publisher	= {Elsevier}
}

@Article{	  zhu2019phasenet,
  title		= {PhaseNet: a deep-neural-network-based seismic arrival-time
		  picking method},
  author	= {Zhu, Weiqiang and Beroza, Gregory C},
  journal	= {Geophysical Journal International},
  volume	= {216},
  number	= {1},
  pages		= {261--273},
  year		= {2019},
  month		= {jan},
  publisher	= {Oxford University Press}
}
