@Book{goodfellow2016deep,
  title     = {Deep Learning},
  publisher = {MIT Press},
  year      = {2016},
  author    = {Ian Goodfellow and Yoshua Bengio and Aaron Courville},
  note      = {\url{http://www.deeplearningbook.org}},
}

@Article{lecun2015deep,
  title     = {Deep learning},
  author    = {LeCun, Yann and Bengio, Yoshua and Hinton, Geoffrey},
  journal   = {Nature},
  volume    = {521},
  pages     = {436 EP},
  year      = {2015},
  month     = {may},
  doi       = {10.1038/nature14539},
  publisher = {Nature Publishing Group, a division of Macmillan Publishers Limited. All Rights Reserved. SN -},
}

@inproceedings{krizhevsky2012imagenet,
  title={Imagenet classification with deep convolutional neural networks},
  author={Krizhevsky, Alex and Sutskever, Ilya and Hinton, Geoffrey E},
  booktitle={Advances in neural information processing systems},
  publisher = {Curran Associates, Inc.},
  year      = {2012},
  editor    = {F. Pereira and C. J. C. Burges and L. Bottou and K. Q. Weinberger},
  pages     = {1097--1105},
  url       = {http://papers.nips.cc/paper/4824-imagenet-classification-with-deep-convolutional-neural-networks.pdf},
}

@article{simonyan2014very,
  title={Very deep convolutional networks for large-scale image recognition},
  author={Simonyan, Karen and Zisserman, Andrew},
  journal={arXiv preprint arXiv:1409.1556},
  year={2014}
}

@inproceedings{szegedy2015going,
  title={Going deeper with convolutions},
  author={Szegedy, Christian and Liu, Wei and Jia, Yangqing and Sermanet, Pierre and Reed, Scott and Anguelov, Dragomir and Erhan, Dumitru and Vanhoucke, Vincent and Rabinovich, Andrew},
  booktitle = {{IEEE} Conference on Computer Vision and Pattern Recognition (CVPR)},
  year      = {2015},
  month     = {June},
  url       = {https://www.cv-foundation.org/openaccess/content_cvpr_2015/html/Szegedy_Going_Deeper_With_2015_CVPR_paper.html},
}

@inproceedings{szegedy2017inception,
  title={Inception-v4, inception-resnet and the impact of residual connections on learning},
  author={Szegedy, Christian and Ioffe, Sergey and Vanhoucke, Vincent and Alemi, Alexander A},
  booktitle={Thirty-First {AAAI} Conference on Artificial Intelligence},
  volume={4},
  pages={12},
  year={2017},
}

@inproceedings{he2016deep,
  title={Deep residual learning for image recognition},
  author={He, Kaiming and Zhang, Xiangyu and Ren, Shaoqing and Sun, Jian},
  booktitle={Proceedings of the {IEEE} conference on computer vision and pattern recognition},
  year      = {2016},
  month     = {June},
  url       = {https://www.cv-foundation.org/openaccess/content_cvpr_2016/html/He_Deep_Residual_Learning_CVPR_2016_paper.html},
}

@inproceedings{hu2018squeeze,
  title={Squeeze-and-excitation networks},
  author={Hu, Jie and Shen, Li and Sun, Gang},
  booktitle={Proceedings of the IEEE conference on computer vision and pattern recognition},
  pages={7132--7141},
  year={2018},
}

@article{hinton2012deep,
  title={Deep neural networks for acoustic modeling in speech recognition},
  author={Hinton, Geoffrey and Deng, Li and Yu, Dong and Dahl, George and Mohamed, Abdel-rahman and Jaitly, Navdeep and Senior, Andrew and Vanhoucke, Vincent and Nguyen, Patrick and Kingsbury, Brian and others},
  journal={IEEE Signal processing magazine},
  year      = {2012},
  volume    = {29},
  number    = {6},
  pages     = {82-97},
  month     = {nov},
  issn      = {1053-5888},
  doi       = {10.1109/MSP.2012.2205597},
}

@InProceedings{deng2009imagenet,
  author    = {J. Deng and W. Dong and R. Socher and L. J. Li and Kai Li and Li Fei-Fei},
  title     = {{ImageNet:} A large-scale hierarchical image database},
  booktitle = {2009 IEEE Conference on Computer Vision and Pattern Recognition},
  year      = {2009},
  pages     = {248-255},
  month     = {June},
  doi       = {10.1109/CVPR.2009.5206848},
  issn      = {1063-6919},
}

@Article{ruder2016overview,
  author  = {Ruder, Sebastian},
  title   = {An overview of gradient descent optimization algorithms},
  journal = {arXiv preprint arXiv:1609.04747},
  year    = {2016},
}

@InProceedings{zhou1988computation,
  author    = {Y. T. Zhou and R. Chellappa},
  title     = {Computation of optical flow using a neural network},
  booktitle = {IEEE 1988 International Conference on Neural Networks},
  year      = {1988},
  pages     = {71-78 vol.2},
  month     = {July},
  doi       = {10.1109/ICNN.1988.23914},
  keywords  = {computerised picture processing;neural nets;2-D polynomial;computerised picture processing;neural nets;neural network;optical flow;smooth continuous image-intensity function;synthetic image sequences;Image processing;Neural networks},
}

@InProceedings{ioffe2015batch,
  author    = {Sergey Ioffe and Christian Szegedy},
  title     = {Batch Normalization: Accelerating Deep Network Training by Reducing Internal Covariate Shift},
  booktitle = {Proceedings of the 32nd International Conference on Machine Learning},
  year      = {2015},
  editor    = {Francis Bach and David Blei},
  volume    = {37},
  series    = {Proceedings of Machine Learning Research},
  pages     = {448--456},
  address   = {Lille, France},
  month     = {07--09 Jul},
  publisher = {PMLR},
  file      = {ioffe15.pdf:http\://proceedings.mlr.press/v37/ioffe15.pdf:PDF},
  url       = {http://proceedings.mlr.press/v37/ioffe15.html},
}

@InCollection{desjardins2015natural,
  author    = {Desjardins, Guillaume and Simonyan, Karen and Pascanu, Razvan and Kavukcuoglu, Koray},
  title     = {Natural Neural Networks},
  booktitle = {Advances in Neural Information Processing Systems 28},
  publisher = {Curran Associates, Inc.},
  year      = {2015},
  editor    = {C. Cortes and N. D. Lawrence and D. D. Lee and M. Sugiyama and R. Garnett},
  pages     = {2071--2079},
  url       = {http://papers.nips.cc/paper/5953-natural-neural-networks.pdf},
}

@Article{duchi2011adaptive,
  author    = {Duchi, John and Hazan, Elad and Singer, Yoram},
  title     = {Adaptive subgradient methods for online learning and stochastic optimization},
  journal   = {Journal of Machine Learning Research},
  year      = {2011},
  volume    = {12},
  number    = {Jul},
  pages     = {2121--2159},
}

@Article{tieleman2012lecture,
  author  = {Tieleman, Tijmen and Hinton, Geoffrey},
  title   = {Lecture 6.5-rmsprop: Divide the gradient by a running average of its recent magnitude},
  journal = {COURSERA: Neural networks for machine learning},
  year    = {2012},
  volume  = {4},
  number  = {2},
  pages   = {26--31},
}

@Article{kingma2014adam,
  author    = {Kingma, Diederik and Ba, Jimmy},
  title     = {Adam: A method for stochastic optimization},
  journal   = {arXiv preprint arXiv:1412.6980},
  year      = {2014},
}

@article{molchanov2016pruning,
  author    = {Pavlo Molchanov and
               Stephen Tyree and
               Tero Karras and
               Timo Aila and
               Jan Kautz},
  title     = {Pruning Convolutional Neural Networks for Resource Efficient Transfer
               Learning},
  journal   = {CoRR},
  volume    = {abs/1611.06440},
  year      = {2016},
  url       = {http://arxiv.org/abs/1611.06440},
  archivePrefix = {arXiv},
  eprint    = {1611.06440},
}

@InProceedings{kim2016deeply,
author = {Kim, Jiwon and Kwon Lee, Jung and Mu Lee, Kyoung},
title = {Deeply-Recursive Convolutional Network for Image Super-Resolution},
booktitle = {The IEEE Conference on Computer Vision and Pattern Recognition (CVPR)},
month = {June},
year = {2016}
}


@InProceedings{long2015fully,
  author = {Long, Jonathan and Shelhamer, Evan and Darrell, Trevor},
  title = {Fully Convolutional Networks for Semantic Segmentation},
  booktitle = {The IEEE Conference on Computer Vision and Pattern Recognition ({CVPR})},
  month = {june},
  year = {2015}
}

@Article{bell2007lessons,
  author = {Bell, Robert M. and Koren, Yehuda},
  title = {Lessons from the Netflix Prize Challenge},
  journal = {SIGKDD Explor. Newsl.},
  volume = {9},
  number = {2},
  month = {dec},
  year = {2007},
  issn = {1931-0145},
  pages = {75--79},
  url = {http://doi.acm.org/10.1145/1345448.1345465},
  doi = {10.1145/1345448.1345465},
  publisher = {ACM},
  address = {New York, NY, USA},
}


@article{robbins1951stohastic,
  author = "Robbins, Herbert and Monro, Sutton",
  doi = "10.1214/aoms/1177729586",
  journal = "The Annals of Mathematical Statistics",
  month = "09",
  number = "3",
  pages = "400--407",
  publisher = "The Institute of Mathematical Statistics",
  title = "A Stochastic Approximation Method",
  url = "https://doi.org/10.1214/aoms/1177729586",
  volume = "22",
  year = "1951"
}

@inproceedings{jacob2018quantization,
title={Quantization and training of neural networks for efficient
integer-arithmetic-only inference},
author={Jacob, Benoit and Kligys, Skirmantas and Chen, Bo and Zhu,
Menglong and Tang, Matthew and Howard, Andrew and Adam, Hartwig and
Kalenichenko, Dmitry},
booktitle={Proceedings of the IEEE Conference on Computer Vision and Pattern Recognition},
pages={2704--2713},
year={2018}
}

@Article{krishnamoorthi2018overview,
  author  = {lRuder, Sebastian, Raghuraman},
  title   = {An overview of gradient descent optimization algorithms},
  journal = {arXiv preprint arXiv:1609.04747},
  year    = {2018},
}

@article{howard2017mobilenets,
  title={Mobilenets: Efficient convolutional neural networks for mobile vision applications},
  author={Howard, Andrew G and Zhu, Menglong and Chen, Bo and Kalenichenko, Dmitry and Wang, Weijun and Weyand, Tobias and Andreetto, Marco and Adam, Hartwig},
  journal={arXiv preprint arXiv:1704.04861},
  year={2017},
}

@InProceedings{liangHu2015recurrent,
  author = {Liang, Ming and Hu, Xiaolin},
  title = {Recurrent Convolutional Neural Network for Object Recognition},
  booktitle = {The IEEE Conference on Computer Vision and Pattern Recognition (CVPR)},
  month = {June},
  year = {2015},
}

@article{he2015spatial,
  title={Spatial pyramid pooling in deep convolutional networks for visual
		recognition},
  author={He, Kaiming and Zhang, Xiangyu and Ren, Shaoqing and Sun, Jian},
  journal={IEEE transactions on pattern analysis and machine intelligence},
  volume={37},
  number={9},
  pages={1904--1916},
  year={2015},
  publisher={IEEE},
}

@article{krizhevsky2014one,
  title={One weird trick for parallelizing convolutional neural networks},
  author={Krizhevsky, Alex},
  journal={arXiv preprint arXiv:1404.5997},
  year={2014}
}

@inproceedings{li2016performance,
  title={Performance analysis of gpu-based convolutional neural networks},
  author={Li, Xiaqing and Zhang, Guangyan and Huang, H Howie and Wang, Zhufan and Zheng, Weimin},
  booktitle={2016 45th International Conference on Parallel Processing (ICPP)},
  pages={67--76},
  year={2016},
  organization={IEEE}
}

