@article{cochran2018catch,
  title={To catch a quake},
  author={Cochran, Elizabeth S},
  journal={Nature communications},
  volume={9},
  number={1},
  pages={2508},
  year={2018},
  publisher={Nature Publishing Group}
}

@article{anthony2018low,
  title={Do low-cost seismographs perform well enough for your network? An overview of laboratory tests and field observations of the OSOP Raspberry Shake 4D},
  author={Anthony, Robert E and Ringler, Adam T and Wilson, David C and Wolin, Emily},
  journal={Seismological Research Letters},
  volume={90},
  number={1},
  pages={219--228},
  year={2018},
  publisher={Seismological Society of America},
}

@inproceedings{manconi2018evaluation,
  title={Evaluation of the Raspberry Shakes seismometers to monitor rock fall activity in alpine environments},
  author={Manconi, Andrea and Coviello, Velio},
  booktitle={EGU General Assembly Conference Abstracts},
  volume={20},
  pages={16183},
  year={2018}
}

@inproceedings{christensen2017raspberry,
  title={Raspberry Shake-A World-Wide Citizen Seismograph Network},
  author={Christensen, BC and Blanco Chia, JF},
  booktitle={AGU Fall Meeting Abstracts},
  year={2017}
}

@inproceedings{kurata2017development,
  title={Development of sensor module for seismic and structural monitoring with a chip-scale atomic clock},
  author={Kurata, Narito},
  booktitle={Proceedings of the 16th world conference on earthquake engineering (16WCEE), Paper},
  number={583},
  year={2017}
}

@article{calais2019can,
  title={Can a Raspberry Shake Seismic Network Complement a National Seismic Network? A Case Study in Haiti},
  author={Calais, Eric and Boisson, Dominique and Symithe, Steeve and Momplaisir, Roberte and Pr{\'e}petit, Claude and Ulysse, Sophia and Etienne, Guy Philippe and Courboulex, Fran{\c{c}}oise and Deschamps, Anne and Monfret, Tony and others},
  year={2019},
  publisher={EarthArXiv}
}

@inproceedings{pulli2018seismic,
  title={Seismic Observations in the Washington, {DC} Area With a Raspberry Shake Network},
  author={Pulli, JJ},
  booktitle={AGU Fall Meeting Abstracts},
  year={2018}
}

@article{manconi2018monitoring,
  title={Monitoring rockfalls with the {Raspberry Shake}},
  author={Manconi, Andrea and Coviello, Velio and Galletti, Maud and Seifert, Reto},
  journal={Earth Surface Dynamics},
  volume={6},
  number={4},
  pages={1219--1227},
  year={2018},
  publisher={Copernicus GmbH}
}

@article{slater2012california,
  title={California's dense urban environment spawns friendlier {3D} seismic survey design},
  author={Slater, David and Hollis, Daniel},
  journal={Oil and Gas Journal},
  volume={110},
  number={11},
  pages={54},
  year={2012},
}

@article{kong2016myshake,
  title={MyShake: A smartphone seismic network for earthquake early warning and beyond},
  author={Kong, Qingkai and Allen, Richard M and Schreier, Louis and Kwon, Young-Woo},
  journal={Science advances},
  volume={2},
  number={2},
  pages={e1501055},
  year={2016},
  publisher={American Association for the Advancement of Science}
}

@article{clayton2015community,
  title={Community seismic network: A dense array to sense earthquake strong motion},
  author={Clayton, Robert W and Heaton, Thomas and Kohler, Monica and Chandy, Mani and Guy, Richard and Bunn, Julian},
  journal={Seismological Research Letters},
  volume={86},
  number={5},
  pages={1354--1363},
  year={2015},
  publisher={Seismological Society of America}
}

@book{upton2014raspberry,
  title={Raspberry Pi user guide},
  author={Upton, Eben and Halfacree, Gareth},
  year={2014},
  publisher={John Wiley \& Sons}
}

@article{sepulveda2016internet,
  title={The Internet of Geophysical Things: Raspberry Pi Enhanced {REF TEK (RaPiER)} System Integration and Evaluation},
  author={Sepulveda, Frank and Pulliam, Jay},
  journal={Seismological Research Letters},
  volume={87},
  number={2A},
  pages={345--357},
  year={2016},
  publisher={Seismological Society of America}
}
