@article{mell2011nist,
  title={The NIST definition of cloud computing},
  author={Mell, Peter and Grance, Tim and others},
  year={2011},
  publisher={Computer Security Division, Information Technology Laboratory, National Institute of Standards and Technology},
}

@article{josep2010view,
  title={A view of cloud computing},
  author={JoSEP, Anthony D and KAtz, RAnDy and KonWinSKi, AnDy and Gunho, LEE and PAttERSon, DAViD and RABKin, ARiEL},
  journal={Communications of the ACM},
  volume={53},
  number={4},
  year={2010},
}

@article{shi2016edge,
  title={Edge computing: Vision and challenges},
  author={Shi, Weisong and Cao, Jie and Zhang, Quan and Li, Youhuizi and Xu, Lanyu},
  journal={IEEE Internet of Things Journal},
  volume={3},
  number={5},
  pages={637--646},
  year={2016},
  publisher={IEEE},
}

@article{satyanarayanan2017emergence,
  title={The emergence of edge computing},
  author={Satyanarayanan, Mahadev},
  journal={Computer},
  volume={50},
  number={1},
  pages={30--39},
  year={2017},
  publisher={IEEE},
}

@article{kamath2016distributed,
  title={Distributed travel-time seismic tomography in large-scale sensor networks},
  author={Kamath, Goutham and Shi, Lei and Song, Wen-Zhan and Lees, Jonathan},
  journal={Journal of Parallel and Distributed Computing},
  volume={89},
  pages={50--64},
  year={2016},
  publisher={Elsevier}
}

