@article{von1993first,
  title={First Draft of a Report on the EDVAC},
  author={Von Neumann, John},
  journal={IEEE Annals of the History of Computing},
  volume={15},
  number={4},
  pages={27--75},
  year={1993},
  publisher={IEEE}
}

@article{mcculloch1943logical,
  title={A logical calculus of the ideas immanent in nervous activity},
  author={McCulloch, Warren S and Pitts, Walter},
  journal={The bulletin of mathematical biophysics},
  volume={5},
  number={4},
  pages={115--133},
  year={1943},
  publisher={Springer},
}

@book{hebb1949organization,
  title={The organization of behavior: A neuropsychological theory},
  author={Hebb, Donald Olding},
  year={1949},
  publisher={Wiley},
	address={Oxford, England},
}

@article{minsky1952neural,
  title={A neural-analogue calculator based upon a probability model of reinforcement},
  author={Minsky, Marvin},
  journal={Harvard University Psychological Laboratories, Cambridge, Massachusetts},
  year={1952}
}

@article{rochester1956tests,
  title={Tests on a cell assembly theory of the action of the brain, using a large digital computer},
  author={Rochester, Nathaniel and Holland, J and Haibt, L and Duda, W},
  journal={IRE Transactions on information Theory},
  volume={2},
  number={3},
  pages={80--93},
  year={1956},
  publisher={IEEE}
}

@misc{von1957non,
  title={Non-linear capacitance or inductance switching, amplifying, and memory organs},
  author={Von Neumann, John},
  year={1957},
  month=dec # "~3",
  publisher={Google Patents},
  note={US Patent 2,815,488},
}

@article{rosenblatt1958perceptron,
  title={The perceptron: a probabilistic model for information storage and organization in the brain.},
  author={Rosenblatt, Frank},
  journal={Psychological review},
  volume={65},
  number={6},
  pages={386},
  year={1958},
  publisher={American Psychological Association},
}

@techreport{rosenblatt1961principles,
  title={Principles of neurodynamics. perceptrons and the theory of brain mechanisms},
  author={Rosenblatt, Frank},
  year={1961},
  institution={Cornell Aeronautical Lab Inc., Buffalo NY},
}

@article{widrow199030,
  title={30 years of adaptive neural networks: perceptron, madaline, and backpropagation},
  author={Widrow, Bernard and Lehr, Michael A},
  journal={Proceedings of the IEEE},
  volume={78},
  number={9},
  pages={1415--1442},
  year={1990},
  publisher={IEEE}
}

@techreport{widrow1960adaptive,
  title={Adaptive switching circuits},
  author={Widrow, Bernard and Hoff, Marcian E},
  year={1960},
  institution={Stanford Univ Ca Stanford Electronics Labs},
}

@misc{widrow1960adaline,
  title={An adaptive'ADALINE'neuron using chemical'memistors', 1553-1552},
  author={Widrow, B},
  year={1960},
  publisher={Stanford Electronics Laboratories},
}

@incollection{widrow1962associative,
  title={Associative storage and retrieval of digital information in networks of adaptive “neurons”},
  author={Widrow, Bernard and Hoff, Marcian E},
  booktitle={Biological Prototypes and Synthetic Systems},
  pages={160--160},
  year={1962},
  publisher={Springer},
}

@inproceedings{winter1988madaline,
  title={Madaline Rule II: a training algorithm for neural networks},
  author={Winter, Capt Rodney and Widrow, B},
  booktitle={Second Annual International Conference on Neural Networks},
  pages={1--401},
  year={1988},
}

@inproceedings{andes1990mriii,
  title={MRIII: A robust algorithm for training analog neural networks},
  author={Andes, DK},
  booktitle={Proceedings of the International Joint Conference on Neural Networks},
  year={1990}
}

@article{minsky1969perceptron,
  title={Perceptron: an introduction to computational geometry},
  author={Minsky, Marvin and Papert, Seymour},
  journal={The MIT Press, Cambridge, expanded edition},
  volume={19},
  number={88},
  pages={2},
  year={1969},
}

@article{werbos1974beyond,
  title={Beyond Regression: New Tools for Prediction and Analysis in the Behavioral Sciences//Phd Thesis, Dept. of Applied Mathematics. Harvard University, Cambridge, MA., 1974},
  author={Werbos, PJ},
  year={1974},
}

@article{fukushima1980neocognitron,
  title={Neocognitron: A self-organizing neural network model for a mechanism of pattern recognition unaffected by shift in position},
  author={Fukushima, Kunihiko},
  journal={Biological cybernetics},
  volume={36},
  number={4},
  pages={193--202},
  year={1980},
  publisher={Springer},
}

@article{parker1982learning,
  title={Learning logic. Invention report 581-64, Department of Electrical Engineering},
  author={Parker, D},
  journal={Stanford University, Stanford},
  volume={581},
  pages={64},
  year={1982},
}

@article{kohonen1982self,
  title={Self-organized formation of topologically correct feature maps},
  author={Kohonen, Teuvo},
  journal={Biological cybernetics},
  volume={43},
  number={1},
  pages={59--69},
  year={1982},
  publisher={Springer},
}

@techreport{rumelhart1985learning,
  title={Learning internal representations by error propagation},
  author={Rumelhart, David E and Hinton, Geoffrey E and Williams, Ronald J},
  year={1985},
  institution={California Univ San Diego La Jolla Inst for Cognitive Science},
}

@article{ackley1985learning,
  title={A learning algorithm for Boltzmann machines},
  author={Ackley, David H and Hinton, Geoffrey E and Sejnowski, Terrence J},
  journal={Cognitive science},
  volume={9},
  number={1},
  pages={147--169},
  year={1985},
  publisher={Elsevier},
}

@InProceedings{hinton1986learning,
  author       = {Hinton, Geoffrey E},
  title        = {Learning distributed representations of concepts},
  booktitle    = {Proceedings of the eighth annual conference of the cognitive science society},
  year         = {1986},
  volume       = {1},
  pages        = {12},
  organization = {Amherst, MA},
}

@article{carpenter1988art,
  title={The ART of adaptive pattern recognition by a self-organizing neural network},
  author={Carpenter, Gail A. and Grossberg, Stephen and others},
  journal={IEEE computer},
  volume={21},
  number={3},
  pages={77--88},
  year={1988},
}

@article{hornik1989multilayer,
  title={Multilayer feedforward networks are universal approximators},
  author={Hornik, Kurt and Stinchcombe, Maxwell and White, Halbert},
  journal={Neural networks},
  volume={2},
  number={5},
  pages={359--366},
  year={1989},
  publisher={Elsevier},
}

@article{lecun1989backpropagation,
  title={Backpropagation applied to handwritten zip code recognition},
  author={LeCun, Yann and Boser, Bernhard and Denker, John S and Henderson, Donnie and Howard, Richard E and Hubbard, Wayne and Jackel, Lawrence D},
  journal={Neural computation},
  volume={1},
  number={4},
  pages={541--551},
  year={1989},
  publisher={MIT Press},
}

@Article{lecun1989generalization,
  author    = {LeCun, Yann and others},
  title     = {Generalization and network design strategies},
  journal   = {Connectionism in perspective},
  year      = {1989},
  pages     = {143--155},
  publisher = {Zurich, Switzerland: Elsevier},
}

@article{bourlard1988auto,
  title={Auto-association by multilayer perceptrons and singular value decomposition},
  author={Bourlard, Herv{\'e} and Kamp, Yves},
  journal={Biological cybernetics},
  volume={59},
  number={4-5},
  pages={291--294},
  year={1988},
  publisher={Springer},
}

@article{baldi1989neural,
  title={Neural networks and principal component analysis: Learning from examples without local minima},
  author={Baldi, Pierre and Hornik, Kurt},
  journal={Neural networks},
  volume={2},
  number={1},
  pages={53--58},
  year={1989},
  publisher={Elsevier},
}

@article{anderson1989learning,
  title={Learning to control an inverted pendulum using neural networks},
  author={Anderson, Charles W},
  journal={IEEE Control Systems Magazine},
  volume={9},
  number={3},
  pages={31--37},
  year={1989},
  publisher={IEEE},
}

@inproceedings{pomerleau1989alvinn,
  title={Alvinn: An autonomous land vehicle in a neural network},
  author={Pomerleau, Dean A},
  booktitle={Advances in neural information processing systems},
  pages={305--313},
  year={1989},
}

@article{narendra1990identification,
  title={Identification and control of dynamical systems using neural networks},
  author={Narendra, Kumpati S and Parthasarathy, Kannan},
  journal={IEEE Transactions on neural networks},
  volume={1},
  number={1},
  pages={4--27},
  year={1990},
  publisher={IEEE},
}

@article{neal1992connectionist,
  title={Connectionist learning of belief networks},
  author={Neal, Radford M},
  journal={Artificial intelligence},
  volume={56},
  number={1},
  pages={71--113},
  year={1992},
  publisher={Elsevier},
}

@inproceedings{hinton1994autoencoders,
  title={Autoencoders, minimum description length and Helmholtz free energy},
  author={Hinton, Geoffrey E and Zemel, Richard S},
  booktitle={Advances in neural information processing systems},
  pages={3--10},
  year={1994},
}

@article{hinton1995wake,
  title={The "wake-sleep" algorithm for unsupervised neural networks},
  author={Hinton, Geoffrey E and Dayan, Peter and Frey, Brendan J and Neal, Radford M},
  journal={Science},
  volume={268},
  number={5214},
  pages={1158--1161},
  year={1995},
  publisher={American Association for the Advancement of Science},
}

@article{dayan1995helmholtz,
  title={The helmholtz machine},
  author={Dayan, Peter and Hinton, Geoffrey E and Neal, Radford M and Zemel, Richard S},
  journal={Neural computation},
  volume={7},
  number={5},
  pages={889--904},
  year={1995},
  publisher={MIT Press},
}

@article{tesauro1995temporal,
  title={Temporal difference learning and TD-Gammon},
  author={Tesauro, Gerald},
  journal={Communications of the ACM},
  volume={38},
  number={3},
  pages={58--68},
  year={1995},
}

@inproceedings{thrun1995learning,
  title={Learning to play the game of chess},
  author={Thrun, Sebastian},
  booktitle={Advances in neural information processing systems},
  pages={1069--1076},
  year={1995},
}

@inproceedings{schraudolph1994temporal,
  title={Temporal difference learning of position evaluation in the game of Go},
  author={Schraudolph, Nicol N and Dayan, Peter and Sejnowski, Terrence J},
  booktitle={Advances in Neural Information Processing Systems},
  pages={817--824},
  year={1994},
}

@article{waibel1995phoneme,
  title={Phoneme recognition using time-delay neural networks},
  author={Waibel, Alexander and Hanazawa, Toshiyuki and Hinton, Geoffrey and Shikano, Kiyohiro and Lang, Kevin J},
  journal={Backpropagation: Theory, Architectures and Applications},
  pages={35--61},
  year={1995},
  publisher={Lawrence Erlbaum Assoc. Mahwah, NJ},
}

@article{hochreiter1997long,
  title={Long short-term memory},
  author={Hochreiter, Sepp and Schmidhuber, J{\"u}rgen},
  journal={Neural computation},
  volume={9},
  number={8},
  pages={1735--1780},
  year={1997},
  publisher={MIT Press},
}

@article{hinton2002training,
  title={Training products of experts by minimizing contrastive divergence},
  author={Hinton, Geoffrey E},
  journal={Neural computation},
  volume={14},
  number={8},
  pages={1771--1800},
  year={2002},
  publisher={MIT Press},
}

@article{hinton2006fast,
  title={A fast learning algorithm for deep belief nets},
  author={Hinton, Geoffrey E and Osindero, Simon and Teh, Yee-Whye},
  journal={Neural computation},
  volume={18},
  number={7},
  pages={1527--1554},
  year={2006},
  publisher={MIT Press},
}

@Article{hinton2006reducing,
  title     = {Reducing the Dimensionality of Data with Neural Networks},
	author={Hinton, Geoffrey E and Salakhutdinov, Ruslan R},
  journal   = {Science},
  year      = {2006},
  volume    = {313},
  number    = {5786},
  pages     = {504--507},
  issn      = {0036-8075},
  doi       = {10.1126/science.1127647},
  publisher = {American Association for the Advancement of Science},
  url       = {http://science.sciencemag.org/content/313/5786/504},
}

@inproceedings{bengio2007greedy,
  title={Greedy layer-wise training of deep networks},
  author={Bengio, Yoshua and Lamblin, Pascal and Popovici, Dan and Larochelle, Hugo},
  booktitle={Advances in neural information processing systems},
  pages={153--160},
  year={2007},
}

@article{bengio2007scaling,
  title={Scaling learning algorithms towards AI},
  author={Bengio, Yoshua and LeCun, Yann and others},
  journal={Large-scale kernel machines},
  volume={34},
  number={5},
  pages={1--41},
  year={2007},
}

@inproceedings{raina2009large,
  title={Large-scale deep unsupervised learning using graphics processors},
  author={Raina, Rajat and Madhavan, Anand and Ng, Andrew Y},
  booktitle={Proceedings of the 26th annual international conference on machine learning},
  pages={873--880},
  year={2009},
  organization={ACM}
}

@inproceedings{jarrett2009best,
  title={What is the best multi-stage architecture for object recognition?},
  author={Jarrett, Kevin and Kavukcuoglu, Koray and LeCun, Yann and others},
  booktitle={2009 IEEE 12th international conference on computer vision},
  pages={2146--2153},
  year={2009},
  organization={IEEE},
}

@inproceedings{glorot2010understanding,
  title={Understanding the difficulty of training deep feedforward neural networks},
  author={Glorot, Xavier and Bengio, Yoshua},
  booktitle={Proceedings of the thirteenth international conference on artificial intelligence and statistics},
  pages={249--256},
  year={2010},
}

@inproceedings{glorot2011deep,
  title={Deep sparse rectifier neural networks},
  author={Glorot, Xavier and Bordes, Antoine and Bengio, Yoshua},
  booktitle={Proceedings of the fourteenth international conference on artificial intelligence and statistics},
  pages={315--323},
  year={2011}
}

@InProceedings{nair2010rectified,
  author    = {Nair, Vinod and Hinton, Geoffrey E},
  title     = {Rectified linear units improve restricted boltzmann machines},
  booktitle = {Proceedings of the 27th international conference on machine learning (ICML-10)},
  year      = {2010},
  pages     = {807--814},
}

@inproceedings{mohamed2011deep,
  title={Deep Belief Networks using discriminative features for phone recognition.},
  author={Mohamed, Abdel-rahman and Sainath, Tara N and Dahl, George E and Ramabhadran, Bhuvana and Hinton, Geoffrey E and Picheny, Michael A and others},
  booktitle={ICASSP},
  pages={5060--5063},
  year={2011}
}

@inproceedings{krizhevsky2012imagenet,
  title={Imagenet classification with deep convolutional neural networks},
  author={Krizhevsky, Alex and Sutskever, Ilya and Hinton, Geoffrey E},
  booktitle={Advances in neural information processing systems},
  pages={1097--1105},
  year={2012}
}

@article{hinton2012deep,
  title={Deep neural networks for acoustic modeling in speech recognition},
  author={Hinton, Geoffrey and Deng, Li and Yu, Dong and Dahl, George and Mohamed, Abdel-rahman and Jaitly, Navdeep and Senior, Andrew and Vanhoucke, Vincent and Nguyen, Patrick and Kingsbury, Brian and others},
  journal={IEEE Signal processing magazine},
  volume={29},
  year={2012},
}

@article{hinton2012improving,
  title={Improving neural networks by preventing co-adaptation of feature detectors},
  author={Hinton, Geoffrey E and Srivastava, Nitish and Krizhevsky, Alex and Sutskever, Ilya and Salakhutdinov, Ruslan R},
  journal={arXiv preprint arXiv:1207.0580},
  year={2012},
}

@misc{hinton2013recent,
  title = {Recent Developments in Deep Learning},
  date = {2013},
  organization = {Youtube},
  author = {Hinton, Geoff},
  url = {https://www.youtube.com/watch?v=vShMxxqtDDs},
}
