@Inbook{gevers1993finite,
  author={Gevers, Michel and Li, Gang},
  title={Finite Word Length errors and computations},
  bookTitle={Parametrizations in Control, Estimation and Filtering Problems: Accuracy Aspects},
  year={1993},
  publisher={Springer London},
  address={London},
  pages={23--44},
  isbn={978-1-4471-2039-1},
  doi={10.1007/978-1-4471-2039-1_2},
  url={https://doi.org/10.1007/978-1-4471-2039-1_2}
}

@article{gysel2016hardware,
  title={Hardware-oriented approximation of convolutional neural networks},
  author={Gysel, Philipp and Motamedi, Mohammad and Ghiasi, Soheil},
  journal={arXiv preprint arXiv:1604.03168},
  year={2016}
}

@article{courbariaux2014training,
  title={Training deep neural networks with low precision multiplications},
  author={Courbariaux, Matthieu and Bengio, Yoshua and David, Jean-Pierre},
  journal={arXiv preprint arXiv:1412.7024},
  year={2014},
}

@article{krishnamoorthi2018quantizing,
  title={Quantizing deep convolutional networks for efficient inference: A whitepaper},
  author={Krishnamoorthi, Raghuraman},
  journal={arXiv preprint arXiv:1806.08342},
  year={2018}
}

@article{anwar2017structured,
  title={Structured pruning of deep convolutional neural networks},
  author={Anwar, Sajid and Hwang, Kyuyeon and Sung, Wonyong},
  journal={ACM Journal on Emerging Technologies in Computing Systems (JETC)},
  volume={13},
  number={3},
  pages={32},
  year={2017},
  publisher={ACM},
}

@article{li2016pruning,
  title={Pruning filters for efficient convnets},
  author={Li, Hao and Kadav, Asim and Durdanovic, Igor and Samet, Hanan and Graf, Hans Peter},
  journal={arXiv preprint arXiv:1608.08710},
  year={2016},
}

@article{gysel2016ristretto,
  title={Ristretto: Hardware-oriented approximation of convolutional neural networks},
  author={Gysel, Philipp},
  journal={arXiv preprint arXiv:1605.06402},
  year={2016},
}

