%%%%%%%%%%%%%%%%%%%%%%%%%%%%%%%%%%%%%%%%%%%%%%%%%%%%%%%%%%%%%%%%%%%%%%%%%%%%%%%
%
%                             Wenchuan Dataset
%
%%%%%%%%%%%%%%%%%%%%%%%%%%%%%%%%%%%%%%%%%%%%%%%%%%%%%%%%%%%%%%%%%%%%%%%%%%%%%%%

@article{fang2017seismolympics,
  title={{SeismOlympics}},
  author={Fang, Lihua and Wu, Zhongliang and Song, Kuan},
  journal={Seismological Research Letters},
  volume={88},
  number={6},
  pages={1429--1430},
  year={2017},
  publisher={GeoScienceWorld},
  doi = {10.1785/0220170134},
  URL = { + http://dx.doi.org/10.1785/0220170134}
}

@article{feng2010coseismic,
  author = {Feng, GuangCai and Hetland, Eric A. and Ding, XiaoLi and Li, ZhiWei and Zhang, Lei},
  title = {Coseismic fault slip of the {2008 Mw 7.9 Wenchuan} earthquake estimated from {InSAR} and {GPS} measurements},
  journal = {Geophysical Research Letters},
  volume = {37},
  number = {1},
  pages = {},
  year = {2010},
  issn = {1944-8007},
  url = {http://dx.doi.org/10.1029/2009GL041213},
  doi = {10.1029/2009GL041213},
  keywords = {Satellite geodesy: results, Space geodetic surveys, Earthquake source observations, Dynamics and mechanics of faulting, coseismic slip, InSAR, earthquake},
  note = {L01302},
  eprint = {https://agupubs.onlinelibrary.wiley.com/doi/pdf/10.1029/2009GL041213},
}


@article{xu2009coseismic,
  author = {Xu, Xiwei and Wen, Xueze and Yu, Guihua and Chen, Guihua and Klinger, Yann and Hubbard, Judith and Shaw, John},
  title = {Coseismic reverse- and oblique-slip surface faulting generated by the {2008 Mw 7.9 Wenchuan earthquake, China}},
  journal = {Geology},
  volume = {37},
  number = {6},
  pages = {515-518},
  year = {2009},
  doi = {10.1130/G25462A.1},
  URL = { + http://dx.doi.org/10.1130/G25462A.1}
}

@article{hartzell2013rupture,
  author = {Hartzell, Stephen and Mendoza, Carlos and Ramirez‐Guzman, Leonardo and Zeng, Yuehua and Mooney, Walter},
  title = {Rupture History of the {2008 Mw 7.9 Wenchuan, China,} Earthquake: Evaluation of Separate and Joint Inversions of Geodetic, Teleseismic, and Strong‐Motion Data},
  journal = {Bulletin of the Seismological Society of America},
  volume = {103},
  number = {1},
  pages = {353-370},
  year = {2013},
  doi = {10.1785/0120120108},
  URL = { + http://dx.doi.org/10.1785/0120120108}
}

@article{yin2018evolution,
  author = {Yin, Xin and Chen, Jiu-hui and Peng, Zhigang and Meng,
  Xiaofeng and Liu, Qi and Guo, Biao and Cheng Li, Shun},
  year = {2018},
  month = {08},
  volume = {123},
  number = {9},
  pages = {7775-7790},
  keywords = {waveform matched-filter technique, seismic tectonics, fault geometry, spatiotemporal evolution, Wenchuan earthquake},
  doi = {10.1029/2018JB015575},
  url = {https://agupubs.onlinelibrary.wiley.com/doi/abs/10.1029/2018JB015575},
  eprint = {https://agupubs.onlinelibrary.wiley.com/doi/pdf/10.1029/2018JB015575},
  title = {Evolution and Distribution of the Early Aftershocks Following
  the {2008 Mw 7.9 Wenchuan} Earthquake in {Sichuan, China}},
  journal = {Journal of Geophysical Research: Solid Earth},
  doi = {10.1029/2018JB015575}
}

@article{chen2018temporal,
  author = {Chen, Xiaowei and Haffener, Jackson and Goebel, Thomas H. W. and Meng, Xiaofeng and Peng, Zhigang and Chang, Jefferson C.},
  title = {Temporal Correlation Between Seismic Moment and Injection Volume for an Induced Earthquake Sequence in Central Oklahoma},
  journal = {Journal of Geophysical Research: Solid Earth},
  volume = {123},
  number = {4},
  pages = {3047-3064},
  keywords = {Wastewater injection, induced seismicity, b value, seismic moment, fluid diffusion},
  doi = {10.1002/2017JB014694},
  url = {https://agupubs.onlinelibrary.wiley.com/doi/abs/10.1002/2017JB014694},
  eprint = {https://agupubs.onlinelibrary.wiley.com/doi/pdf/10.1002/2017JB014694},
  year = {2018}
}

###############################################################################
#
#                              CNN for Seismic AGU
#
###############################################################################
@Conference{Denolle2017AGU,
  author    = {Marine Denolle and Thibaut Perol and Michaël Gharbi},
  title     = {{ConvNetQuake:} Convolutional Neural Network for Earthquake Detection and Location},
  booktitle = {Abstract presented at 2017 Fall Meeting, AGU},
  year      = {2017},
  number    = {S41D-02},
  address   = {New Orleans, LA},
  month     = dec,
  url       = {https://agu.confex.com/agu/fm17/meetingapp.cgi/Paper/210842},
}

@Conference{Krischer2017AGU,
  author    = {Lio Krischer and Andreas Fichtner},
  title     = {Generating Seismograms with Deep Neural Networks},
  booktitle = {Abstract presented at 2017 Fall Meeting, AGU},
  year      = {2017},
  number    = {S41D-03},
  address   = {New Orleans, LA},
  month     = dec,
  url       = {https://agu.confex.com/agu/fm17/meetingapp.cgi/Paper/286636},
}

@Conference{Ross2017AGU,
  author    = {Zachary E. Ross and Men-Andrin Meier and Egill Hauksson},
  title     = {Robust automated classification of first-motion polarities for focal mechanism determination with machine learning},
  booktitle = {Abstract presented at 2017 Fall Meeting, AGU},
  year      = {2017},
  number    = {S41D-06},
  address   = {New Orleans, LA},
  month     = dec,
  url       = {https://agu.confex.com/agu/fm17/meetingapp.cgi/Paper/291238},
}

@Conference{Linville2017AGU,
  author    = {Lisa Linville and Timothy Draelos and Kristine L Pankow and Christopher j Young and Shane Alvarez},
  title     = {Leveraging Long-term Seismic Catalogs for Automated Real-time Event Classification},
  booktitle = {Abstract presented at 2017 Fall Meeting, AGU},
  year      = {2017},
  number    = {S41D-04},
  address   = {New Orleans, LA},
  month     = dec,
  url       = {https://agu.confex.com/agu/fm17/meetingapp.cgi/Paper/279959},
}

###############################################################################
#
#                              Transfer Learning
#
###############################################################################

@Article{shin2016deep,
  author    = {H. C. Shin and H. R. Roth and M. Gao and L. Lu and Z. Xu and I. Nogues and J. Yao and D. Mollura and R. M. Summers},
  title     = {Deep Convolutional Neural Networks for Computer-Aided Detection: {CNN} Architectures, Dataset Characteristics and Transfer Learning},
  journal   = {IEEE Transactions on Medical Imaging},
  year      = {2016},
  volume    = {35},
  number    = {5},
  pages     = {1285-1298},
  month     = {May},
  issn      = {0278-0062},
  doi       = {10.1109/TMI.2016.2528162},
}

@InProceedings{chen2016net2net,
  author    = {Tianqi Chen and Ian Goodfellow and Jonathon Shlens},
  title     = {{Net2Net:} Accelerating Learning via Knowledge Transfer},
  booktitle = {International Conference on Learning Representations},
  year      = {2016},
  owner     = {lijun},
  timestamp = {2017-12-29},
  url       = {http://arxiv.org/abs/1511.05641},
}

@InProceedings{wei2016network,
  author    = {Tao Wei and Changhu Wang and Yong Rui and Chang Wen Chen},
  title     = {Network Morphism},
  booktitle = {Proceedings of The 33rd International Conference on Machine Learning},
  year      = {2016},
  editor    = {Maria Florina Balcan and Kilian Q. Weinberger},
  volume    = {48},
  series    = {Proceedings of Machine Learning Research},
  pages     = {564--572},
  address   = {New York, New York, USA},
  month     = {20--22 Jun},
  publisher = {PMLR},
  file      = {wei16.pdf:http\://proceedings.mlr.press/v48/wei16.pdf:PDF},
  url       = {http://proceedings.mlr.press/v48/wei16.html},
}

@article{han2018new,
  title = "A new image classification method using {CNN} transfer learning and web data augmentation",
  journal = "Expert Systems with Applications",
  volume = "95",
  number = "Supplement C",
  pages = "43 - 56",
  year = "2018",
  issn = "0957-4174",
  doi = "https://doi.org/10.1016/j.eswa.2017.11.028",
  url = "http://www.sciencedirect.com/science/article/pii/S0957417417307844",
  author = "Dongmei Han and Qigang Liu and Weiguo Fan",
  keywords = "Feature transferring, Data augmentation, Convolutional neural network, Feature representation, Parameter fine-tuning, Bayesian optimization",
}

@article{bird2003updated,
  title={An updated digital model of plate boundaries},
  author={Bird, Peter},
  journal={Geochemistry, Geophysics, Geosystems},
  volume={4},
  number={3},
  year={2003},
  publisher={Wiley Online Library},
}

@article{zhu2019along,
  title={Along-strike variation in slab geometry at the southern Mariana subduction zone revealed by seismicity through ocean bottom seismic experiments},
  author={Zhu, Gaohua and Yang, Hongfeng and Lin, Jian and Zhou, Zhiyuan and Xu, Min and Sun, Jinlong and Wan, Kuiyuan},
  journal={Geophysical Journal International},
  year={2019},
	month={jun},
	issn = {0956-540X},
	doi = {10.1093/gji/ggz272},
	url = {https://doi.org/10.1093/gji/ggz272},
	eprint = {http://oup.prod.sis.lan/gji/advance-article-pdf/doi/10.1093/gji/ggz272/28790757/ggz272.pdf},
}
