@article{dokht2019seismic,
  title={Seismic Event and Phase Detection Using Time--Frequency Representation and Convolutional Neural Networks},
  author={Dokht, Ramin MH and Kao, Honn and Visser, Ryan and Smith, Brindley},
  journal={Seismological Research Letters},
  volume={90},
  number={2A},
  pages={481--490},
  year={2019},
  publisher={Seismological Society of America},
}

@article{zhu2019deep,
  title={Deep learning for seismic phase detection and picking in the aftershock zone of 2008 Mw7. 9 Wenchuan Earthquake},
  author={Zhu, Lijun and Peng, Zhigang and McClellan, James and Li, Chenyu and Yao, DongDong and Li, Zefeng and Fang, Lihua},
  journal={Physics of the Earth and Planetary Interiors},
  year={2019},
  publisher={Elsevier},
}

@article{zhu2019phasenet,
  title={PhaseNet: a deep-neural-network-based seismic arrival-time picking method},
  author={Zhu, Weiqiang and Beroza, Gregory C},
  journal={Geophysical Journal International},
  volume={216},
  number={1},
  pages={261--273},
  year={2019},
	month={jan},
  publisher={Oxford University Press},
}

@inproceedings{zhu2018deep,
  title={Deep learning for seismic event detection of earthquake aftershocks},
  author={Zhu, Lijun and Peng, Zhigang and McClellan, James},
  booktitle={2018 52nd Asilomar Conference on Signals, Systems, and Computers},
  pages={1121--1125},
  year={2018},
  organization={IEEE},
}

@inproceedings{zhu2018event,
  title={Event Detection and Phase Picking Based on Deep Convolutional Neural Networks},
  author={Zhu, L and Peng, Z and McClellan, J},
  booktitle={80th EAGE Conference and Exhibition 2018},
  year={2018},
}

@article{ross2018generalized,
  title={Generalized seismic phase detection with deep learning},
  author={Ross, Zachary E and Meier, Men-Andrin and Hauksson, Egill and Heaton, Thomas H},
  journal={Bulletin of the Seismological Society of America},
  volume={108},
  number={5A},
  pages={2894--2901},
  year={2018},
  publisher={Seismological Society of America},
}

@InProceedings{ronneberger2015unet,
author="Ronneberger, Olaf and Fischer, Philipp and Brox, Thomas",
title={U-Net: Convolutional Networks for Biomedical Image Segmentation},
booktitle={Medical Image Computing and Computer-Assisted Intervention -- MICCAI 2015},
year={2015},
publisher={Springer International Publishing},
pages={234--241},
isbn={978-3-319-24574-4}
}

@article{kong2018machine,
  author = {Kong, Qingkai and Trugman, Daniel T. and Ross, Zachary E. and Bianco, Michael J. and Meade, Brendan J. and Gerstoft, Peter},
  title = {Machine Learning in Seismology: Turning Data into Insights},
  journal = {Seismological Research Letters},
  volume = {90},
  number = {1},
  pages = {3-14},
  year = {2018},
  doi = {10.1785/0220180259},
  URL = {http://dx.doi.org/10.1785/0220180259},
  eprint = {/gsw/content_public/journal/srl/90/1/10.1785_0220180259/2/srl-2018259.1.pdf}
}

@article{zhang2018locating,
  title={Locating earthquakes with a network of seismic stations via a deep learning method},
  author={Zhang, Xiong and Zhang, Jie and Yuan, Congcong and Liu, Sen and Chen, Zhibo and Li, Weiping},
  journal={arXiv preprint arXiv:1808.09603},
  year={2018}
}

@article{nakano2019discrimination,
title={Discrimination of Seismic Signals from Earthquakes and Tectonic Tremor by Applying a Convolutional Neural Network to Running Spectral Images},
author={Nakano, Masaru and Sugiyama, D and Hori, T and Kuwatani, T and Tsuboi, S},
journal={Seismological Research Letters},
year={2019},
publisher={Seismological Society of America}
}

@inproceedings{apolloni2009support,
title={Support vector machines and MLP for automatic classification of seismic signals at Stromboli volcano},
author={Apolloni, B and others},
booktitle={Neural Nets WIRN09: Proceedings of the 19th Italian Workshop on Neural Nets, Vietri Sul Mare, Salerno, Italy May 28-30 2009},
volume={204},
pages={116},
year={2009},
organization={IOS Press}
}

@article{woollam2019convolutional,
  title={Convolutional neural network for seismic phase classification, performance demonstration over a local seismic network},
  author={Woollam, Jack and Rietbrock, Andreas and Bueno, Angel and De Angelis, Silvio},
  journal={Seismological Research Letters},
  volume={90},
  number={2A},
  pages={491--502},
  year={2019},
  publisher={Seismological Society of America}
}

@article{zhou2019hybrid,
  title={Hybrid Event Detection and Phase-Picking Algorithm Using Convolutional and Recurrent Neural Networks},
  author={Zhou, Yijian and Yue, Han and Kong, Qingkai and Zhou, Shiyong},
  journal={Seismological Research Letters},
  year={2019},
  publisher={Seismological Society of America},
	doi={10.1785/0220180319},
}

@Conference{Luzon2017AGU,
  author    = {Manuel Titos Luzón and Angel Bueno Rodriguez and Luz Garcia Martinez and Carmen Benitez and Jesús M Ibáñez},
  title     = {Automatic Classification of volcano-seismic events based on Deep Neural Networks},
  booktitle = {Abstract presented at 2017 Fall Meeting, AGU},
  year      = {2017},
  number    = {S41D-01},
  address   = {New Orleans, LA},
  month     = dec,
  url       = {https://agu.confex.com/agu/fm17/meetingapp.cgi/Paper/232036},
}

@Article{perol2018convolutional,
  author    = {Perol, Thibaut and Gharbi, Micha{\"e}l and Denolle, Marine},
  title     = {Convolutional neural network for earthquake detection and location},
  journal   = {Science Advances},
  year      = {2018},
  volume    = {4},
  number    = {2},
  doi       = {10.1126/sciadv.1700578},
  eprint    = {http://advances.sciencemag.org/content/4/2/e1700578.full.pdf},
  publisher = {American Association for the Advancement of Science},
  url       = {http://advances.sciencemag.org/content/4/2/e1700578},
}

@article{mousavi2018cred,
  title={Cred: A deep residual network of convolutional and recurrent units for earthquake signal detection},
  author={Mousavi, S Mostafa and Zhu, Weiqiang and Sheng, Yixiao and Beroza, Gregory C},
  journal={arXiv preprint arXiv:1810.01965},
  year={2018}
}
