% Peak Prominence
@book{helman2005finest,
  title={The Finest Peaks-Prominence and Other Mountain Measures},
  author={Helman, Adam},
  year={2005},
  publisher={Trafford Publishing}
}

% Page Rank
@techreport{page1999pagerank,
  title={The PageRank citation ranking: Bringing order to the web.},
  author={Page, Lawrence and Brin, Sergey and Motwani, Rajeev and Winograd, Terry},
  year={1999},
  institution={Stanford InfoLab},
}

% ObsPy
@article{beyreuther2010obspy,
  title={{ObsPy:} A Python toolbox for seismology},
  author={Beyreuther, Moritz and Barsch, Robert and Krischer, Lion and Megies, Tobias and Behr, Yannik and Wassermann, Joachim},
  journal={Seismological Research Letters},
  volume={81},
  number={3},
  pages={530--533},
  year={2010},
  publisher={Seismological Society of America}
}

% PyTorch
@incollection{paszke2017automatic,
  title={Automatic differentiation in {PyTorch}},
  author={Paszke, Adam and Gross, Sam and Chintala, Soumith and Chanan, Gregory and Yang, Edward and DeVito, Zachary and Lin, Zeming and Desmaison, Alban and Antiga, Luca and Lerer, Adam},
  booktitle = {Advances in Neural Information Processing Systems 30},
  booksubtitle={Autodiff Workshop},
  year={2017},
  url={https://openreview.net/forum?id=BJJsrmfCZ},
}

% AIC
@article{akaike1974markovian,
  author={Akaike, Hirotugu},
  title={Markovian representation of stochastic processes and its application to the analysis of autoregressive moving average processes},
  journal={Annals of the Institute of Statistical Mathematics},
  year={1974},
  month={dec},
  volume={26},
  number={1},
  pages={363--387},
  issn={1572-9052},
  doi={10.1007/BF02479833},
  url={https://doi.org/10.1007/BF02479833}
}

% HypoDD
@article{waldhauser2000double,
  title={A double-difference earthquake location algorithm: Method and application to the northern Hayward fault, California},
  author={Waldhauser, Felix and Ellsworth, William L},
  journal={Bulletin of the Seismological Society of America},
  volume={90},
  number={6},
  pages={1353--1368},
  year={2000},
  publisher={Seismological Society of America},
}

% Theano
@inproceedings{bergstra2010theano,
  title={Theano: a CPU and GPU math expression compiler},
  author={Bergstra, James and Breuleux, Olivier and Bastien, Fr{\'e}d{\'e}ric and Lamblin, Pascal and Pascanu, Razvan and Desjardins, Guillaume and Turian, Joseph and Warde-Farley, David and Bengio, Yoshua},
  booktitle={Proceedings of the Python for scientific computing conference (SciPy)},
  volume={4},
  number={3},
  year={2010},
  organization={Austin, TX}
}

@article{bastien2012theano,
  title={Theano: new features and speed improvements},
  author={Bastien, Fr{\'e}d{\'e}ric and Lamblin, Pascal and Pascanu, Razvan and Bergstra, James and Goodfellow, Ian and Bergeron, Arnaud and Bouchard, Nicolas and Warde-Farley, David and Bengio, Yoshua},
  journal={arXiv preprint arXiv:1211.5590},
  year={2012}
}

% Caffe
@inproceedings{jia2014caffe,
  title={Caffe: Convolutional architecture for fast feature embedding},
  author={Jia, Yangqing and Shelhamer, Evan and Donahue, Jeff and Karayev, Sergey and Long, Jonathan and Girshick, Ross and Guadarrama, Sergio and Darrell, Trevor},
  booktitle={Proceedings of the 22nd ACM international conference on Multimedia},
  pages={675--678},
  year={2014},
  organization={ACM}
}

% cuDNN
@article{chetlur2014cudnn,
  title={{cudnn}: Efficient primitives for deep learning},
  author={Chetlur, Sharan and Woolley, Cliff and Vandermersch, Philippe and Cohen, Jonathan and Tran, John and Catanzaro, Bryan and Shelhamer, Evan},
  journal={arXiv preprint arXiv: 1410.0759},
  year={2014}
}

% fbfft
@article{vasilache2014fast,
  title={Fast convolutional nets with fbfft: A GPU performance evaluation},
  author={Vasilache, Nicolas and Johnson, Jeff and Mathieu, Michael and Chintala, Soumith and Piantino, Serkan and LeCun, Yann},
  journal={arXiv preprint arXiv:1412.7580},
  year={2014}
}

% TensorFlow
@inproceedings{abadi2016tensorflow,
  title={Tensorflow: A system for large-scale machine learning},
  author={Abadi, Mart{\'\i}n and Barham, Paul and Chen, Jianmin and Chen, Zhifeng and Davis, Andy and Dean, Jeffrey and Devin, Matthieu and Ghemawat, Sanjay and Irving, Geoffrey and Isard, Michael and others},
  booktitle={12th $\{$USENIX$\}$ Symposium on Operating Systems Design and Implementation ($\{$OSDI$\}$ 16)},
  pages={265--283},
  year={2016}
}

% Torch7
@techreport{collobert2011torch7,
  title={Torch7: A matlab-like environment for machine learning},
  author={Collobert, Ronan and Kavukcuoglu, Koray and Farabet, Cl{\'e}ment},
  year={2011}
}
